2678 4668
402 319 607 374 RMEDIBVS
630 313 742 370 860616
1043 311 1121 367 CXL!
1145 397 1150 402 Ι

113 473 330 540 corcordiae
347 473 446 536 aedem
462 473 561 535 eodem
576 471 622 534 dte
634 473 672 533 ab
685 469 787 533 Ouidio
799 477 1040 534 commoratam
1055 477 1122 534 auto

59 571 164 650 poticam
174 569 283 646 Liuiae,
301 572 329 630 io
349 587 405 647 qua
422 569 487 645 suit,
506 577 659 628 extructam
680 585 736 626 uon
755 582 817 625 esse
834 568 943 642 scimus,
962 584 1019 625 aec
1032 567 1121 625 rrulto
1198 566 1200 578 ’

57 665 189 742 postillam
207 663 312 723 iactam
330 679 403 737 esse,
421 671 453 722 ut
470 670 557 740 puto,
574 660 714 720 conuenit.
753 658 878 718 Porticus
896 658 1034 718 aedificari
1052 673 1122 718 coe·
1250 717 1253 724 ,

57 757 339 834 prosonomasia,
358 763 430 816 teste
442 755 533 814 Dione
547 753 598 828 64,
609 759 657 814 23.
695 752 817 823 Quaado
835 750 959 830 perfecta
977 750 1023 825 tit,
1041 750 1122 826 iguo·

56 867 138 921 amos,
162 858 238 908 certe
261 859 354 908 tamea
372 857 522 926 antequam
541 844 661 905 Ouidius
685 848 753 906 attia
772 846 921 906 amatoriae
942 850 970 920 1,
990 857 1063 900 uera.
1082 844 1120 899 ’11

56 943 168 1002 adheret.
207 943 339 1001 Creditur
355 940 466 1018 quidem
486 939 570 1016 uolgo
589 939 648 998 eiua
671 939 810 999 dedicatio
829 955 902 996 anuo
919 937 957 996 V.
976 935 1010 994 C.
1029 934 1087 993 766
1103 951 1123 994 ο
1196 983 1198 988 .

54 1031 121 1092 Dium
142 1035 212 1110 uadi
238 1035 280 1093 his
305 1034 399 1093 uerbis
419 1031 469 1106 66,
488 1034 541 1090 272
574 1025 596 1108 ἦ
620 1049 653 1091 re
679 1025 738 1103 rod
760 1023 782 1109 ἡ
804 1027 924 1092 Asculo
949 1020 1123 1104 καλουμένη

56 1117 219 1206 ᾠκοδομήθη
246 1145 280 1187 rr
309 1123 341 1196 ἐς
364 1119 457 1202 τομήν
480 1125 536 1184 τοῦ
560 1143 593 1186 rr
616 1123 648 1184 Γ
646 1123 717 1184 otoo
740 1121 793 1185 arui
819 1124 875 1184 τοῦ
893 1117 1036 1184 Λοακίοο
1059 1121 1123 1181 τῶν

53 1213 195 1300 Καισάρων
214 1217 267 1287 καλ
286 1212 356 1280 τότε
374 1213 570 1297 καθιερώθη.
604 1213 737 1298 Suspicor
754 1229 847 1278 tameo
866 1219 997 1280 maiorem
1016 1217 1044 1289 iu
1061 1234 1124 1274 mo·

54 1311 110 1388 dou,
125 1313 298 1375 scribendum
316 1331 381 1372 esso
395 1302 416 1390 ἦ
431 1305 545 1373 Ἰουλία
559 1306 741 1390 καλουμένη.
768 1313 881 1372 Memini
895 1312 967 1370 enim
983 1309 1123 1368 basilicam

52 1403 111 1465 rora
125 1409 205 1467 etiam
226 1404 301 1477 ςοολν
318 1406 413 1466 dicere
429 1407 548 1468 Diouem
566 1409 666 1481 49,42
679 1414 708 1465 et
719 1407 830 1483 54,24.
866 1405 947 1463 Auno
965 1403 1048 1480 igitur
1059 1401 1123 1460 ’166

52 1497 152 1558 dedicata
170 1501 285 1560 uidetur
304 1501 415 1558 basilica
432 1501 515 1574 Iulia,
535 1501 571 1560 de
589 1517 644 1578 qua
662 1501 692 1557 iu
713 1518 789 1558 moa.
810 1501 910 1574 Ancyr.
929 1498 1011 1556 tuiti
1030 1495 1123 1556 dextr
1161 1549 1163 1554 .

51 1588 169 1654 mutuom
187 1592 725 1672 praescitirttoroodomduetorisat
743 1591 1037 1668 oadam....oospto
1055 1607 1124 1668 pro-

51 1680 173 1764 diadorsra
185 1706 273 1766 opero
284 1706 305 1746 ο
316 1694 399 1765 porro
410 1705 471 1748 mro
488 1685 591 1767 perfeci
608 1693 634 1744 ot
651 1683 766 1744 modam
777 1684 919 1745 imiliooar
934 1689 1124 1763 consumptura

49 1779 305 1859 marmorato
323 1776 1122 1852 eiusaolortrbtiteioaomiaiaffliorommoommm.

48 1867 344 1932 apostotorum
361 1869 643 1950 perfecitsooporfioi
660 1871 868 1932 comm
865 1875 938 1931 moia
955 1874 1034 1931 ioasi
1063 1873 1125 1931 Hoc
1166 1943 1169 1948 Δ

48 1961 142 2024 sirecte
159 1967 293 2043 conicio,
312 1965 446 2041 habebis,
464 1965 541 2059 quod
557 1964 648 2026 addar
666 1967 912 2044 archaeologorum
931 1964 1124 2044 disputationi-

47 2055 86 2114 bor
98 2057 131 2116 de
149 2060 265 2118 basilica
289 2060 474 2135 nobilissima3
499 2060 674 2138 cognoscitur
700 2062 784 2119 etium
804 2063 977 2136 Ancyraoam
1002 2060 1125 2118 tabulata

48 2157 96 2209 rota
112 2169 214 2212 aarum
230 2151 288 2212 766
306 2169 367 2210 esse
381 2164 555 2230 conceptam,
573 2153 628 2212 hoc
643 2161 688 2212 ert
698 2161 847 2232 antequam
863 2167 1021 2231 supremum
1039 2157 1126 2208 testa·
1163 2212 1167 2218 ,
1248 2139 1252 2150 “

47 2253 148 2305 uerum
167 2249 312 2324 Augustus
337 2245 460 2319 faceret,
486 2244 566 2305 Suet.
587 2246 658 2324 Aug.
678 2251 745 2306 1⁰1.
789 2247 937 2305 Caeterum
964 2241 1126 2302 crediderim

47 2333 125 2396 februo
142 2339 224 2398 iilum
237 2340 271 2398 P.
285 2337 437 2409 Victorem,
455 2339 503 2416 qui
516 2339 649 2416 pleraque
661 2358 712 2399 sua
728 2357 763 2400 ex
775 2341 854 2399 bonis
867 2339 1045 2417 scriptoribus
1063 2355 1126 2398 cor·

45 2433 110 2506 rasit,
127 2433 308 2493 emendatam
323 2432 422 2490 *Diouis
440 2431 605 2508 scripturam
623 2451 679 2491 ron
698 2435 856 2512 ignorasser
881 2433 956 2490 solus
973 2432 1048 2490 euim
1067 2449 1124 2490 oon
1220 2415 1225 2428 ¹

45 2519 180 2604 marma,
199 2525 253 2586 red
270 2526 406 2604 ροτλίοαοα
422 2525 528 2587 lotum
546 2529 573 2585 io
593 2527 708 2604 regione
727 2537 826 2586 octaua
845 2535 980 2588 recenset.
1018 2523 1126 2586 Liuiam
1227 2533 1230 2538 “

43 2619 159 2691 porticum
179 2605 266 2678 ⁸bona
291 2617 349 2676 fide
373 2617 470 2678 notitia
488 2620 572 2678 Vrbis
597 2620 625 2678 io
650 2621 766 2698 regione
791 2621 873 2678 tertia
892 2618 1126 2695 iuissatestaturr

44 2725 84 2768 ree
98 2714 273 2774 accuratiora
291 2712 329 2770 do
346 2730 381 2772 eu
397 2712 619 2791 temptaueipso
639 2715 812 2774 Concordiae
828 2713 952 2774 definire
963 2699 1060 2772 ausim.

101 2807 196 2866 Idibus
216 2805 292 2882 lum,
311 2804 437 2864 fortassis
455 2822 529 2862 anuo
548 2806 584 2865 V
604 2806 876 2882 0660116116,
894 2809 942 2877 41,
961 2805 1059 2865 iouia
1077 2823 1127 2867 ae·
1174 2869 1176 2876 x

43 2894 81 2955 dor
95 2899 225 2962 dedicata
245 2907 298 2971 eet,
318 2913 401 2976 quern
419 2899 554 2957 iouicti
573 2919 726 2979 cognomen
745 2902 874 2961 habuisse
892 2910 976 2978 negat
993 2899 1130 2978 Neapolis·

41 3003 120 3052 ocotru
137 2993 248 3055 diserta
267 2993 408 3052 Ciceronis
425 2991 462 3052 de
480 2993 600 3072 dogm,
616 3000 651 3053 11
672 3004 702 3056 et
715 2994 860 3074 Augustini
877 2992 955 3052 de
931 3012 987 3054 cru.
1001 2993 1060 3053 d.
1045 3012 1074 3064 ο,
1089 2999 1125 3052 11

42 3081 89 3146 uit.
103 3087 274 3146 testimoma

101 3179 145 3240 Da
164 3181 277 3258 tempto
294 3180 508 3240 Mineruae
499 3199 528 3240 ro
546 3181 695 3257 Auentino,
714 3181 790 3260 quod
807 3181 873 3242 xm
884 3183 932 3242 KP
945 3179 997 3238 iui.
1015 3109 1128 3239 dedica·

41 3275 88 3328 tum
104 3275 142 3331 ait
160 3271 304 3349 Ouidius,
328 3275 370 3332 ita
386 3275 520 3333 existimo.
559 3275 592 3333 Si
611 3274 783 3352 exploratum
802 3284 875 3334 esset
894 3275 930 3334 de
948 3274 1057 3332 duobus
1074 3275 1130 3335 Mi·

39 3375 127 3424 turae
144 3366 176 3424 io
196 3383 233 3424 eo
252 3377 348 3426 monte
366 3369 492 3446 templis,
517 3377 633 3446 propter
652 3367 768 3425 uerbum
787 3367 823 3426 ab
843 3366 947 3427 Ouidio
966 3371 1129 3447 usurpatum

43 3453 122 3532 serpit
140 3477 220 3518 uera.
233 3461 292 3516 728
313 3459 390 3537 quod
408 3462 547 3539 antiquius
565 3461 678 3534 fuisset,
696 3461 748 3518 isto
767 3460 812 3520 die
831 3470 1022 3520 consecratum
1041 3477 1130 3539 opor-

39 3551 106 3614 itrtt.
143 3552 208 3611 [aar
223 3569 293 3612 uero
310 3551 348 3612 de
363 3553 471 3613 duobus
487 3556 597 3632 templis
610 3553 677 3610 mail
696 3563 814 3629 coastat,
832 3553 937 3633 duplex
954 3563 1062 3612 tantum
1078 3553 1130 3614 de·
1176 3611 1187 3640 x

39 3635 168 3703 dicationis
189 3653 306 3721 tempos
324 3645 452 3720 ordiar,
472 3647 536 3706 Xlii
551 3646 600 3704 ΚΡ
613 3647 663 3704 iul.
683 3645 719 3704 ab
738 3645 841 3707 Ouidio
860 3647 993 3726 fastisque
1010 3649 1131 3707 Amiter-

36 3730 93 3794 tt'rt'r
110 3746 140 3798 ot
160 3737 335 3817 Εοοοίλίοἰο,
353 3739 419 3798 XIV
437 3741 484 3798 ΚΡ
505 3741 592 3817 April.
613 3757 681 3798 uero
700 3757 719 3798 a
737 3740 835 3800 Verrio
853 3743 956 3800 Flacco
980 3741 1009 3799 io
1035 3741 1131 3802 abula
1244 3813 1249 3822 ι

38 3827 146 3886 eorda
165 3828 353 3892 Praenestina
373 3842 403 3891 et
420 3831 495 3910 apud
506 3833 620 3891 Festum
640 3852 669 3910 p.
679 3832 728 3907 66,
740 3837 759 3892 6
772 3835 836 3892 Vrs-
874 3836 952 3894 Haec
970 3835 993 3891 si
1012 3836 1074 3911 quis
1087 3834 1131 3894 is·
1165 3895 1167 3900 ,

39 3921 172 3996 &premi
195 3925 265 3984 uem
283 3925 514 3988 dereatitutiooe
531 3927 590 3984 eius
608 3925 715 4003 templi,
727 3924 813 4003 *quod
826 3927 911 3985 Festo
930 3936 1043 3985 auctore
1063 3929 1131 4001 141,

38 4011 68 4064 2θ
86 4012 149 4074 Vm.
171 4015 251 4076 bello
270 4017 377 4078 Punico
397 4017 520 4076 secundo
538 4019 567 4076 in
585 4028 680 4078 monte
698 4021 834 4078 Auentino
858 4021 929 4094 iuit,
954 4037 1055 4078 moneo
1074 4021 1132 4096 pn'·

37 4115 100 4164 0011
116 4105 189 4166 nihil
218 4107 256 4170 de
273 4113 475 4170 instauratione
490 4110 579 4186 traam
605 4112 700 4172 titulos
723 4114 797 4171 euim
816 4113 862 4172 ilie
881 4113 956 4192 apud
975 4114 1131 4171 Gruterum

39 4201 115 4274 pii,
126 4201 159 4278 6,
180 4202 235 4281 qui
251 4203 359 4266 Sullani
377 4204 508 4283 temporis
526 4211 657 4283 potatur,
677 4205 864 4284 supposititius
881 4204 1006 4284 uidetur:
1030 4201 1132 4262 deiude
