2678 4668
491 298 535 346 DE
556 295 661 344 mill!
1061 294 1126 348 obv,
1159 309 1162 318 ¹

58 455 118 520 certe
133 446 200 506 anim
218 445 344 508 diuersae
367 421 482 506 fuerunt
506 465 525 506 a
550 447 718 527 conceptiuis
742 465 798 506 nun
824 445 986 522 mauors,
1008 462 1126 526 qoam

58 541 162 619 exemplo
179 550 269 617 sunto,
288 542 311 600 si
328 543 454 622 publicas
470 543 592 619 quaeris,
611 538 809 617 uouemdialas,
832 539 889 600 nid.
903 539 966 597 Liu.
986 544 1015 613 l,
1031 543 1083 616 ³¹3
1102 539 1126 598 oi

57 635 125 712 partis
143 636 253 713 populi,
278 654 363 712 porca
386 626 576 712 praecidanea'
588 634 713 709 Cereris,
741 653 797 711 qua
815 653 870 692 non
889 632 1037 710 quotannis
1053 649 1126 708 opus

56 728 122 786 lubse
137 728 215 788 docet
233 728 340 787 Gellius
360 730 390 802 4,
402 731 442 803 6,
463 727 487 784 si
504 727 639 804 priuatas,
658 727 807 802 denicales‚
828 727 885 804 nid.
903 725 985 784 Paul.
998 744 1027 804 p.
1036 728 1085 799 to,
1095 727 1126 786 9,.

56 821 119 889 Quae
136 831 236 880 restant
254 839 303 880 sex
321 820 476 878 discrimina
494 821 702 880 illustrabuntur
721 822 853 900 exemplis
873 819 1026 880 Ouidiauis.

114 914 281 974 sementinas
298 914 382 972 ferias
397 915 433 972 ab
449 913 551 972 Ouidio
564 921 592 988 l,
602 914 659 971 668
671 933 713 992 sq.
728 924 955 973 commemoratas
972 915 1045 972 inter
1060 929 1127 972 con·

57 1006 157 1083 ceptione
175 1017 321 1067 recensent
338 1008 443 1066 Paulus
463 1017 492 1066 et
509 1007 667 1066 Macrobius
686 1007 752 1066 locis
771 1009 905 1082 indicatis,
923 1008 995 1065 iuter
1013 1006 1127 1070 annales

56 1099 125 1159 Vuro
141 1101 175 1160 de
191 1103 211 1161 Ι.
231 1101 253 1162 l.
273 1105 303 1175 6,
324 1105 379 1159 26:
406 1101 503 1160 diebus
529 1101 610 1160 certis
636 1101 759 1160 astrictas
783 1119 837 1158 non
862 1099 947 1158 fuisse
964 1087 1025 1179 ipsc
1043 1111 1127 1178 poeta

56 1203 131 1252 notet
154 1213 180 1253 u.
196 1198 254 1255 661
280 1195 447 1272 astipulante
464 1195 550 1253 Laut.
569 1193 650 1270 Lydo
668 1193 704 1254 de
722 1195 859 1252 mensibus
877 1199 906 1264 3,
925 1197 955 1268 6,
973 1197 1052 1272 pso
1069 1194 1126 1252 tto.

56 1285 151 1346 inbunc
163 1289 294 1347 moduine
312 1281 359 1346 At
374 1288 428 1347 τοῦ
447 1279 566 1364 uno'pou
586 1279 700 1364 ἑορταί,
720 1280 753 1344 ui
772 1279 931 1364 λεγόμεναι
949 1281 1034 1365 παρὰ
1049 1277 1127 1344 ‘Pto-s.

55 1375 137 1454 talou
153 1377 350 1459 σημανιίβαι,
371 1377 486 1452 coortu
501 1373 657 1458 σπόριμοι,
676 1373 732 1439 οὐκ
744 1373 853 1456 ἔλαχον
866 1373 1036 1459 ὡρισμένην
1048 1370 1129 1456 ἦμέ-

57 1491 99 1548 pur
111 1507 159 1535 -.
178 1469 291 1554 ἤγοντο
310 1471 345 1536 δὲ
364 1472 413 1536 ἐπὶ
433 1469 488 1536 ds‘u
509 1467 636 1555 ἡμέρας,
656 1467 712 1533 oria
731 1471 848 1553 ἱφιξῆς,
868 1469 948 1534 ἀλλὰ
965 1469 1060 1552 μέσον
1075 1491 1128 1552 yr-

56 1562 165 1642 νιμένων
183 1562 273 1630 ἑπτά.
296 1567 349 1630 aul
369 1572 408 1652 τῇ
428 1566 485 1646 μὲν
505 1560 613 1648 πρώτῃ
633 1561 804 1644 iepouuloov
822 1560 984 1646 Δήμητρι,
1004 1555 1069 1625 οἷον
1087 1563 1127 1646 τῇ

56 1655 78 1715 Γ
77 1663 92 1740 ,ti
107 1693 139 1706 -
157 1653 220 1722 ritu
240 1659 320 1740 μετὰ
346 1657 423 1724 ἔπτὰ
449 1655 567 1741 ἡμέρας
585 1652 687 1740 Κόρῃ.
730 1663 874 1722 Postremo
897 1662 1021 1741 publicas
1044 1660 1128 1720 tuias

56 1752 121 1813 lubre
137 1759 309 1836 cognoscitur
326 1777 362 1816 ex
380 1759 511 1836 Varrone.
524 1759 560 1816 dc
578 1775 610 1815 re
628 1766 698 1814 rust.
719 1761 749 1830 1,
764 1760 800 1830 3,
822 1757 870 1814 ubi
887 1756 1011 1815 homines
1030 1751 1128 1812 urbani

56 1849 164 1928 tuusque
187 1851 292 1910 ordinis
316 1852 399 1910 otiosi
422 1853 591 1911 conueniunt
615 1851 644 1908 in
668 1849 766 1908 aedem
786 1851 917 1910 Telluris.
934 1871 937 1878 ⁴
956 1850 1052 1919 Quare
1070 1863 1128 1906 noo
1169 1871 1172 1878 ·

57 1937 133 2000 iniuria
150 1945 314 2020 quaesitum·
328 1955 371 2002 est
392 1963 410 2004 a
428 1944 566 2023 Neapoli,
593 1943 659 2023 quid
685 1953 774 2018 esset,
801 1942 877 2022 quod
901 1942 976 2022 apud
995 1939 1129 2001 Ouidium
1168 1967 1171 1971 ·

58 2037 136 2094 6669
153 2037 256 2115 pagani
274 2037 444 2115 potisaimnm
463 2039 556 2096 seriari
575 2039 739 2114 iubeantur,
758 2048 788 2096 et
805 2057 871 2096 num
882 2037 963 2096 *sorte
980 2035 1017 2110 de
1035 2035 1129 2093 utura

57 2122 332 2208 subrogarentur,
352 2148 426 2209 quae
443 2138 535 2189 tamen
553 2133 720 2190 sementinas
739 2131 866 2212 proxime
883 2129 1034 2208 attigerint,
1053 2127 1130 2186 dica-
1164 2177 1167 2186 .

57 2227 98 2277 tur.
129 2223 171 2282 De
182 2223 368 2301 Paganalibus
385 2225 498 2302 insignis
516 2236 559 2283 est
576 2222 986 2300 locusDionysiiHal.4,15=
1006 2221 1130 2300 appellat

58 2301 145 2390 ἑορτὴν
161 2311 193 2374 ἐν
210 2319 282 2386 ταῖς
299 2308 381 2374 πάνυ
401 2312 504 2393 τιμίαν
529 2319 623 2396 aitque
647 2318 780 2378 celebrari
805 2317 856 2375 diis
875 2317 1060 2396 peculiaribus
1077 2333 1130 2394 pa·

58 2423 134 2480 gotum
148 2410 317 2486 custodibus,
337 2430 371 2470 ex
390 2413 492 2490 quibua
507 2429 588 2468 uuam
603 2409 777 2489 Empandam
796 2411 904 2470 nouisse
917 2409 1053 2485 uidemur,
1073 2406 1130 2466 uid.

58 2495 208 2565 Paul.1)iac.
229 2506 381 2582 p.7u,1r,
399 2506 451 2564 nisi
470 2503 543 2563 sorte
556 2506 598 2563 lbi
617 2521 729 2584 quoque
746 2508 854 2584 poponi
871 2502 997 2578 utalibi,
1014 2503 1135 2560 sirecte·

58 2598 162 2674 memini,
188 2596 267 2676 apud
294 2597 412 2656 eundern
433 2609 619 2678 opponuntur
643 2597 813 2658 christanis.
859 2597 1037 2657 conueniunt
1059 2594 1131 2654 tuce

59 2682 158 2766 dionysii
175 2711 233 2750 uon
252 2691 347 2768 utique
365 2693 469 2769 optime
490 2692 527 2750 ad
546 2691 697 2768 Ouidium,
720 2710 888 2770 quamquam
907 2711 935 2750 u.
950 2692 1009 2750 670
1025 2689 1132 2768 papatu

57 2776 102 2850 foci
116 2789 317 2863 nuncupantur.
348 2784 469 2844 Grauius
488 2795 581 2844 tameo
602 2798 644 2845 est
659 2787 734 2864 quod
746 2787 909 2864 Pugnando,
927 2792 1052 2862 utputo,
1069 2785 1132 2860 ipsa

58 2869 219 2954 illaDionysii
237 2877 360 2936 omnium
379 2897 526 2956 pagorum,
545 2899 601 2938 non
620 2877 802 2958 singulorum,
822 2881 862 2938 uti
881 2877 1085 2954 uult-Scaliger·
1102 2876 1131 2934 in

58 2965 217 3027 woiectanais
236 2988 267 3047 p.
280 2973 335 3044 80,
359 2989 377 3028 a
395 2972 522 3030 Varrone
541 2975 833 3052 §erumpnarum
852 2993 914 3031 cum
934 2969 1131 3049 Septimontio,

59 3061 160 3120 otiarer
176 3063 237 3123 dica
254 3069 376 3122 aluums
389 3064 474 3126 fuisse
484 3065 645 3140 uideantur.
677 3067 754 3127 td·-
769 3086 838 3126 uero
851 3067 941 3124 Varro
961 3067 1031 3138 §26
1041 3062 1133 3139 ugni·
1150 3113 1154 3126 .
1234 3124 1240 3129 .

58 3147 125 3212 ficare
144 3156 254 3216 uidetur
271 3159 437 3216 sementinas
454 3159 537 3218 ferias
563 3162 611 3238 qul
629 3160 683 3220 dici
701 3160 896 3220 consueuerint
914 3177 931 3219 a
950 3156 1133 3236 pontitidbuu,

58 3241 159 3324 hugon
176 3251 313 3308 celebrari
331 3253 526 3329 paganicamm
547 3254 667 3312 nomine.
706 3254 803 3323 Quare
829 3270 884 3311 non
902 3251 939 3310 de
957 3250 1074 3310 diuersis
1090 3249 1134 3309 so-
1153 3297 1155 3306 ,

58 3337 93 3396 ab
108 3339 309 3421 intelligendum
329 3347 484 3421 putauerirn
504 3344 654 3422 Ouidium,
678 3347 729 3406 sed
753 3347 790 3405 de
808 3344 903 3404 iisdem
922 3344 1032 3406 diuerso
1049 3343 1135 3404 modo

58 3427 153 3492 barbo
168 3447 197 3494 et
217 3437 246 3496 in
264 3437 337 3514 agris
356 3435 536 3498 celebrandis.
577 3440 662 3498 Velut
676 3439 770 3498 orodla
784 3455 867 3497 nemo
879 3456 1000 3518 unquam
1018 3439 1047 3496 iu
1060 3439 1136 3498 Vrbe

58 3519 170 3586 instituit:
190 3531 360 3592 celebr-utum
379 3539 471 3590 tamen
490 3549 555 3591 eum
573 3532 655 3590 ritum
674 3531 749 3590 seriis
766 3534 924 3592 sementinis
939 3533 1061 3592 disertim
1078 3541 1137 3590 tra·

58 3613 91 3673 dit
110 3619 214 3680 Probus
242 3621 279 3682 ad
303 3623 380 3702 Vicg.
408 3643 452 3704 ge..
478 3632 510 3702 2,
529 3609 596 3686 aad.
650 3625 803 3703 Paganicar
827 3644 895 3704 ergo
919 3625 1002 3685 ferias
1026 3628 1139 3704 proprie
1200 3667 1204 3674 ,
1228 3657 1231 3662 ·

60 3705 131 3770 mus
148 3714 234 3774 babes
260 3717 417 3796 exemplum
442 3717 573 3782 feriamur
592 3718 734 3782 annalium
756 3721 854 3780 incerti
871 3721 1003 3799 temporis
1021 3737 1075 3779 uec
1092 3727 1139 3778 to-

60 3802 102 3860 lr'ur
118 3810 221 3885 populi.
947 3831 955 3850 ·

122 3899 250 3962 Eiusdem
269 3903 379 3981 generis
398 3915 482 3984 atque
500 3907 670 3967 sementinae
689 3905 816 3985 publicae
833 3903 948 3966 suerunt
965 3905 1138 3968 Fornacalia.

60 3983 121 4048 Nam
137 3996 285 4071 quotannis
308 4015 365 4056 non
391 4007 468 4056 certo
493 3998 605 4076 quidem
630 3999 695 4075 die,
719 3998 770 4057 sed
795 4001 981 4059 tamenintra
998 3999 1141 4059 Kalendas

63 4075 211 4146 Februarias
230 4097 259 4147 et
278 4089 446 4166 Quirinalia,
471 4099 504 4148 ut
528 4103 613 4170 puto,
640 4091 791 4150 acutione
814 4094 934 4152 maximo
959 4093 1057 4167 indici,
1082 4092 1141 4149 siue

63 4178 154 4256 aanor
170 4181 265 4246 contu
283 4193 402 4248 ceruus
420 4182 537 4248 Ouidius
556 4189 586 4260 2,
603 4184 671 4248 526.
709 4184 752 4248 ab
771 4185 901 4250 umbro,
920 4185 1022 4249 drittun
1045 4182 1142 4256 fauor
