2688 4680
536 219 690 268 senueris
721 225 724 230 ¹
1033 203 1164 278 ‘ccxxxr

27 427 29 444 ,
66 393 96 434 eo
114 372 245 450 coniungi
263 371 344 430 solita
363 379 416 442 est,
434 369 496 432 Lna
512 372 579 449 luit,
597 369 654 432 uid.
676 372 751 432 Geli.
769 375 879 449 lm,
899 373 992 434 Varro
1006 375 1044 436 de
1060 375 1159 458 rna

26 455 28 524 s
46 505 50 514 »
65 473 107 527 36.
142 469 225 525 Hane
239 466 329 525 Varro
348 475 425 524 certe
443 484 545 525 nomen
564 465 668 524 babere
686 484 704 524 a
723 465 806 524 lumb
823 467 915 544 potuit
932 468 1079 549 conicere,
1099 475 1157 536 oid.

64 563 95 621 sle
113 563 134 620 1.
150 561 169 619 1.
183 561 215 636 5,
228 561 300 617 1³72
318 577 372 618 ‘nec
391 559 472 619 aliter
489 559 645 634 statuerim,
665 577 728 618 cum
747 557 821 636 quod
842 559 931 618 iustae
949 563 1093 641 analogiae
1106 567 1158 627 de»

62 655 148 728 tedit,‘
161 660 359 731 compensetur
373 670 436 712 meo
454 647 554 710 iudicio
570 669 705 730 generosa
723 653 770 710 illa
788 651 899 727 sacaria,
918 673 983 713 mox
996 659 1156 736 cerimonia,

23 741 25 748 ’
62 757 121 826 post
149 763 275 824 pugnam
298 762 376 804 arma
401 745 554 804 occisorum
579 763 632 824 per
657 759 785 824 campum
813 745 954 805 horrentia
972 748 1051 808 Luae
1073 741 1156 812 ‘matri

61 838 249 913 consecrandi,
268 838 332 898 Lin.
346 843 376 914 8,
389 845 417 912 1,
438 847 501 914 aut¹
517 841 595 917 qussi
614 837 690 898 dumi
709 857 743 897 oc
760 847 852 898 sentes
871 841 952 900 excisi
971 855 1074 920 οειιιιῐ,
1093 864 1156 904 sac·

61 931 209 1002 modendi,
226 933 290 992 Lin.
310 933 362 1008 45,
381 937 430 991 ³3.
469 934 531 990 Hae
555 931 639 1008 igitur
657 933 791 990 Sabinum
810 951 863 1011 par
881 935 998 994 deornm
1018 927 1156 998 existima·

60 1026 159 1087 nerim:
178 1024 334 1084 Saturnum
349 1045 418 1086 uero
432 1035 463 1085 et
473 1025 566 1103 Opem
579 1024 722 1098 Latinum,
740 1024 777 1085 de
790 1046 847 1104 quo
865 1027 937 1088 inlra
952 1030 1041 1107 legera
1066 1031 1154 1091 Nam⁴

60 1135 109 1195 qne
127 1127 277 1196 postquam
296 1121 343 1177 ille
363 1120 477 1179 nominis
492 1119 607 1178 Saturni
626 1117 784 1175 intellectus
802 1119 949 1194 obsoleuit,
968 1125 1039 1182 alter
1055 1125 1092 1185 de
1108 1120 1152 1202 sla-¹

60 1212 129 1270 tione
148 1213 296 1287 increbuit,
315 1213 376 1271 lieri
395 1215 495 1290 potuit,
516 1221 550 1269 ut
566 1211 704 1270 Saturnus
723 1210 795 1269 idem
815 1210 965 1276 haberetur
983 1218 1075 1276 Sterci
1093 1201 1153 1280 siue

59 1304 208 1380 Stercutio,
226 1303 286 1363 Pici
299 1307 385 1384 patri,
405 1307 451 1384 qui
470 1307 576 1384 primus
594 1313 637 1363 est
655 1305 682 1362 in
701 1297 847 1386 stemmate
862 1325 957 1384 regum
971 1310 1151 1384 Laurentum.

57 1396 172 1456 iduero
198 1397 301 1456 semum
325 1415 388 1456 esse
412 1399 492 1458 claris
519 1398 611 1456 uerbis
636 1415 671 1456 cx
691 1396 826 1458 Varronis
851 1399 887 1458 de
911 1411 995 1478 gente
1020 1420 1088 1482 pop.
1107 1403 1149 1463 ro.

57 1490 121 1549 libro
143 1492 228 1549 tertio
247 1490 332 1548 tradit
347 1493 515 1568 Augustinus
534 1491 571 1549 de
590 1509 615 1549 c.
631 1489 659 1549 d.
678 1494 724 1561 18,
738 1493 773 1547 15
794 1500 823 1549 et
841 1492 998 1552 Macrobius
1016 1496 1152 1571 sat.'l,'l
1237 1533 1241 1542 ·

55 1585 124 1645 med.
144 1585 259 1645 Scilicet
280 1595 431 1644 sementem
456 1585 551 1664 iacere
575 1593 605 1642 et
622 1596 779 1643 stercorare
798 1601 880 1660 agros
905 1587 996 1644 minus
1019 1598 1085 1647 sunt
1107 1589 1150 1647 di:

54 1693 143 1750 uersa,
161 1693 248 1754 quam
262 1677 431 1736 frumentum
446 1697 540 1737 serere
554 1686 584 1736 et
598 1677 712 1735 arbores
726 1686 838 1755 putare,
868 1678 925 1738 lam
938 1697 1005 1756 ergo
1020 1699 1150 1760 regnasse

53 1769 113 1826 ol'mr
133 1770 163 1828 iu
183 1781 260 1829 terra
277 1783 343 1830 ante
360 1771 470 1847 Picum,
488 1773 628 1844 Faunum,
646 1769 778 1829 Latinum
797 1789 878 1847 roges
896 1773 1016 1831 creditus
1034 1784 1077 1833 cst
1093 1775 1147 1834 Sa·

51 1871 159 1937 mrbus,
178 1879 269 1940 eaque
285 1863 355 1923 fides
370 1883 426 1923 non
445 1855 529 1942 longe'
544 1865 642 1924 aberet
657 1864 693 1921 ab
707 1861 857 1922 Euhemeri
872 1868 1041 1940 narratione,
1060 1885 1154 1946 aqao'
1264 1908 1266 1916 ‚

51 1971 164 2014 ameum
183 1956 325 2014 merulam
344 1975 401 2015 non
420 1959 472 2015 sub
488 1958 543 2018 deo
556 1959 671 2032 Titane,
690 1957 740 2016 sed
758 1958 811 2016 sub
830 1975 897 2035 rege
910 1959 1037 2018 Cretensi
1050 1960 1157 2036 (Seme

49 2047 114 2106 ben.
129 2043 242 2123 8,319)
261 2050 411 2110 traditurus
426 2062 510 2130 atque
529 2053 599 2110 haec
616 2060 682 2109 sunt
696 2051 885 2110 Romanorum
897 2051 1029 2110 Saturnia
1047 2069 1147 2129 regnu.¹

50 2139 118 2219 Opis
134 2143 339 2202 matrimonium
351 2145 490 2222 quomodo
509 2146 605 2204 initum
619 2161 680 2202 esse
699 2145 836 2217 uideatur,
854 2144 926 2202 inira
940 2144 1056 2203 dicetur.
1081 2145 1146 2228 iioc

48 2232 99 2293 inm
123 2235 152 2294 in
181 2234 363 2296 &elemento
388 2239 518 2322 quicquid
543 2239 651 2297 libitum
677 2246 720 2295 est
744 2237 953 2296 cerimoniarum
973 2223 1154 2314 graecarum‚'

48 2329 111 2386 erni
135 2337 267 2407 poteratr
293 2347 329 2388 ex
351 2332 453 2410 quibus
475 2350 536 2388 cum
557 2331 862 2404 Romanornmrursus
885 2323 1042 2408 peculiares
1058 2349 1155 2410 quaeae

47 2419 123 2497 dem,
147 2421 229 2481 uelut
246 2441 330 2501 quam
349 2423 385 2483 oe
404 2425 503 2501 legatis
522 2421 844 2500 genuumsuscipiemlis
862 2435 1059 2482 commemorat
1076 2423 1145 2482 Plu·

46 2517 156 2574 tsrebm
177 2527 287 2595 quaest.
306 2535 349 2576 ro.
368 2520 424 2592 4³,
448 2527 527 2584 ortae
550 2523 657 2585 eueni,
685 2515 802 2594 posthac
823 2517 913 2593 ipsum
931 2515 1146 2596 fundamentum
1245 2531 1275 2562 ἰ

44 2611 195 2684 abiectum,
214 2610 251 2668 de
262 2610 376 2669 Saturni
393 2613 460 2669 naui
471 2609 596 2683 ‘aduentu
616 2610 663 2668 illa
683 2610 837 2686 excogitata
855 2621 930 2685 sunt,
951 2629 1023 2689 quae
1043 2609 1099 2669 0u.
1113 2619 1144 2686 l,
1216 2679 1226 2693 ,

44 2705 212 2762 rao-240
230 2714 383 2781 praeeunte
397 2703 510 2781 Virgilio
529 2703 600 2763 Aen.
615 2707 643 2775 8,
660 2706 717 2761 319
736 2703 846 2763 retulit:
865 2721 977 2763 cauwm
995 2705 1143 2776 commenti

42 2809 110 2874 puto
130 2797 317 2876 nemloquium
332 2801 422 2871 Laii,
443 2796 518 2877 quod
537 2797 663 2873 quemuis
676 2796 810 2855 Varronis
828 2816 882 2856 non
897 2799 937 2874 ¹sit
956 2805 1027 2854 teste
1041 2797 1143 2856 Seruio

42 2889 76 2947 erl
95 2892 115 2950 1.
135 2890 210 2960 ind..
236 2909 291 2950 non
312 2903 403 2950 tamen
423 2891 523 2964 uideo,
548 2908 598 2946 cur
617 2890 760 2966 Augustini
779 2890 826 2948 illa
845 2893 875 2964 7,
891 2892 922 2964 4,
941 2889 1072 2967 lragm.3
1091 2909 1140 2946 so·

40 2983 90 3042 bus
108 2984 223 3061 Virgilii
241 2984 351 3062 potius,
370 3003 453 3062 quam
473 2985 605 3062 Varronis
624 2982 793 3057 habeantur,
816 2984 864 3060 qui
884 2982 1020 3061 oppidum
1036 2983 1144 3040 sarra..

39 3078 112 3136 niam
133 3087 214 3137 certe
231 3079 357 3155 agnoscit
376 3078 411 3136 de
431 3076 451 3135 1.
465 3078 486 3137 1.
498 3078 585 3151 1142,
605 3093 640 3134 ex
659 3095 714 3154 quo
734 3077 796 3134 loco
814 3076 959 3154 probabile
974 3075 1006 3132 rit
1018 3073 1142 3133 Ennium

38 3183 150 3231 seueros
172 3189 235 3229 esse
253 3170 394 3246 Virgilium
416 3179 444 3228 ct
461 3171 613 3230 Nasonem.
1013 3149 1019 3176 ’

114 3266 210 3324 Varro
229 3281 292 3334 cum
311 3264 463 3323 secundum
482 3264 665 3341 augustinum
683 3265 763 3336 7,13
784 3260 936 3319 Genium
959 3257 1028 3317 dixit
1045 3275 1145 3320 rernm

35 3359 165 3418 omnium
185 3355 386 3436 gignendarum
406 3356 561 3435 praesidem
580 3365 610 3415 et
628 3353 780 3414 secundum
800 3355 919 3410 eundem
937 3354 1003 3428 7,6
1021 3355 1137 3411 coniun-

35 3455 75 3511 xit
93 3453 203 3512 heroas
221 3451 294 3508 lares
314 3459 343 3508 ct
361 3451 476 3526 genios,
497 3448 645 3506 manifesto
663 3455 774 3505 secutus
793 3455 835 3503 est
852 3445 996 3504 Etruscam
1016 3447 1137 3524 discipli-

34 3557 114 3622 ramj
135 3545 180 3604 uti
193 3545 310 3622 egregie
328 3544 423 3602 docuit
440 3543 590 3602 Muellerus
609 3541 672 3608 Etr.
682 3546 713 3614 2,
729 3559 759 3617 p.
769 3543 807 3597 89
826 3539 932 3597 collatis
949 3539 1038 3598 Paulo
1055 3539 1137 3599 Diae.

33 3641 128 3720 ΡΜ,
143 3639 183 3696 16
202 3646 232 3695 et
251 3639 335 3696 Festo
352 3657 381 3715 p.
392 3638 507 3709 359,15
520 3635 584 3708 sim,
603 3644 664 3694 tum
675 3637 755 3713 psa
773 3651 808 3692 ex
820 3634 951 3692 Labeone
966 3631 1042 3713 apud
1052 3632 1138 3692 Seru·
1183 3642 1185 3651 ’

32 3735 106 3792 Aca.
121 3735 229 3806 ³,168
243 3731 346 3790 collato
364 3731 470 3788 Arnob.
480 3725 510 3801 2',
523 3731 564 3786 62
581 3735 609 3785 et
627 3727 758 3803 Fulgeat.
777 3745 802 3786 s.
815 3748 845 3787 u.
862 3725 995 3786 morulas.
1035 3725 1139 3809 Neque

32 3826 60 3884 rs
78 3843 144 3886 non
164 3825 323 3905 pertinebat
343 3824 379 3883 ud
399 3825 587 3884 Romanorum
611 3820 769 3897 religionem
794 3822 919 3892 ciuilem,
944 3817 1056 3904 quaudo
1071 3820 1137 3899 ipse

31 3919 79 3982 ille
97 3919 241 3981 Euenus
259 3910 333 3975 ime
351 3918 458 3975 Genius
483 3915 572 3980 cultus
595 3923 638 3973 est
655 3914 759 3973 liberae
777 3916 944 3994 reipublicae
963 3911 1134 3990 temporibus

32 4013 60 4070 in
80 4012 174 4071 Latio
192 4021 328 4090 arguente
347 4011 427 4069 titulo
446 4005 590 4068 Orelliano
609 4009 743 4084 ιι.2’488,
761 4023 819 4067 'nec
838 4015 930 4088 potest
948 4006 1041 4083 negari
1061 4002 1138 4062 lares

31 4105 185 4182 Romanos
203 4103 244 4166 its
261 4105 347 4166 luisse
366 4105 471 4174 cultos²
495 4102 535 4162 uti
553 4100 657 4168 dictum
674 4111 717 4162 est
740 4119 824 4185 supra
842 4122 872 4182 p.
884 4113 995 4162 cuxrx.
1030 4095 1137 4158 Verum
1183 4157 1190 4163 .
