2636 4678
69 249 73 256 '
181 263 264 312 xxiv
436 331 438 335 .
570 263 690 310 rantra.
707 261 890 310 rvnrcrarss

182 415 276 476 bando
295 415 402 476 idoneis
420 422 496 475 recte
514 413 724 494 disputauimus,
740 403 886 474 ¹Kalendas
904 431 1000 474 omnes
1016 421 1066 472 aut
1084 411 1226 485 uesanos,
1247 425 1294 470 aut

181 507 274 588 prima
291 519 373 588 parte
391 508 512 568 nefasta
530 507 616 568 fuisse
634 518 756 586 oportet.
796 509 868 566 lllud
886 510 978 586 igitur,
997 505 1073 584 quod
1092 506 1157 564 Kal.
1179 507 1294 582 Apriles

181 603 212 662 in
233 603 328 662 tabula
346 603 541 678 Praenestina,
567 601 660 660 Maiae
686 611 716 660 et
742 601 861 660 sonasse
886 602 980 659 luniae
1005 603 1034 658 in
1060 595 1112 658 cal.
1132 591 1295 670 Venusino,

182 695 365 774 Septembres
379 697 408 754 in
423 685 608 770 Amiternino,¹
624 695 798 755 Nouembres
813 696 842 754 iu
854 695 987 754 Amitern.
1000 703 1029 753 et
1042 694 1183 752 Antiatino
1200 691 1295 750 festae
1310 703 1311 714 ¹

183 787 343 864 traduntur,
364 798 497 848 nouatum
515 807 576 848 esse
595 779 617 848 a
628 791 743 849 Tiberio
763 807 876 848 necem
895 799 946 848 ert.
980 788 1055 846 Num
1068 783 1222 844 Kalendae
1237 784 1294 841 Fe-

182 883 328 958 bruariae,
347 883 442 942 luniae
461 893 490 940 et
507 883 675 942 Decembres
695 894 778 958 tunc,
805 901 868 941 cum
888 881 941 940 boc
960 883 1058 956 fieret,
1078 879 1208 938 nefastae
1225 876 1311 966 lue-¹

184 975 251 1050 rint,
265 994 327 1044 non
344 983 437 1053 potest
455 978 598 1054 cognosci:
619 977 724 1054 primae
739 977 768 1034 in
781 974 921 1034 Maffeaua
941 985 1048 1034 tantum
1067 972 1163 1032 tabula
1177 979 1292 1030 eatam:
1310 989 1311 1054 p

183 1068 334 1144 secundae,
354 1087 424 1147 quar
443 1068 556 1146 dixi‚in
578 1071 631 1130 cal.
650 1071 755 1128 Venus.
776 1069 880 1126 nullam
899 1077 993 1127 notam
1012 1069 1149 1146 ascriptae
1168 1065 1311 1138 babent3'

172 1155 296 1221 minime
314 1163 386 1221 enim
406 1172 484 1222 certa
503 1172 545 1222 est
565 1161 665 1222 Orellii
683 1162 840 1222 emendatio
859 1181 889 1243 p.
900 1163 975 1236 412,
994 1179 1046 1220 nec
1064 1159 1169 1237 Lupuli
1190 1165 1295 1215 aucto-

182 1253 267 1312 ritate
286 1256 398 1315 nititur:
419 1257 582 1316 nouissimae
601 1257 629 1313 in
648 1256 743 1314 tabula
758 1256 929 1314 Amiternina
944 1257 1001 1313 aeri
1019 1256 1103 1312 incisa
1118 1251 1197 1330 apud
1217 1241 1311 1324 Fog?

152 1357 153 1360 ’
183 1347 290 1423 ginium
308 1348 435 1410 nefastae
453 1360 537 1422 sunt,
563 1351 592 1408 in
612 1351 685 1428 typis
703 1350 844 1432 descripta
861 1343 964 1406 ibidem
982 1369 1012 1427 p.
1026 1351 1081 1406 116
1099 1346 1150 1404 ΝΡ
1170 1345 1294 1422 apponi·

183 1444 241 1515 tur,
261 1458 315 1498 nec
334 1445 481 1524 quicquam
499 1454 658 1504 annotatur.
697 1445 804 1502 Verum
822 1443 868 1520 sac
887 1443 976 1501 nullas
995 1461 1029 1500 ex
1050 1441 1094 1498 bis
1112 1439 1225 1512 Tiberii
1245 1453 1311 1494 aen

184 1537 243 1591 tate
263 1533 386 1596 nefastae
406 1546 479 1595 totas
497 1535 592 1611 luisse,
612 1557 663 1596 cur
678 1538 764 1596 lullae
779 1546 808 1596 et
826 1533 963 1596 Octobres
982 1534 1108 1594 nefastae
1126 1531 1293 1598 manserint,

184 1623 283 1684 uideor
296 1628 362 1694 mibi
381 1630 544 1709 indagasser
565 1641 681 1712 propter
692 1633 787 1690 menis
807 1640 836 1690 et
855 1630 1011 1688 uindemiae
1024 1627 1119 1688 serias.
1155 1627 1203 1684 De
1222 1644 1293 1683 mes·

183 1717 222 1776 ris
244 1717 320 1780 feriis
339 1723 417 1799 locis,
437 1743 508 1801 quos
527 1727 577 1784 luti
595 1727 661 1785 mibi
680 1726 885 1800 indicauerunt,
904 1724 979 1781 Plin.
998 1741 1064 1800 epp.
1083 1725 1113 1795 8,
1132 1726 1190 1778 21:
1219 1719 1295 1779 terlio

183 1827 293 1889 ms
318 1823 378 1892 (Μ
390 1821 512 1878 monim
531 1820 593 1879 iiior
610 1822 839 1897 armoricanum,
864 1818 939 1878 Stat.
958 1817 1020 1875 silu.
1038 1815 1067 1885 4,
1086 1819 1116 1890 cl,
1136 1816 1192 1889 3⁹,
1220 1811 1311 1872 addo.

164 1905 261 1965 -Gelb
279 1911 309 1982 9,
326 1909 374 1968 15.
410 1911 455 1970 De
474 1913 684 1972 uindemialibus
703 1915 882 1970 memineram
901 1911 1053 1968 Minucium
1072 1907 1195 1966 Felicem
1215 1907 1293 1964 initio

184 1999 228 2058 aui
247 1999 309 2060 libri
327 2004 495 2064 mentionem
514 2007 641 2082 iniicere,
659 2017 689 2066 et
707 2006 818 2065 uidetur
836 2004 911 2064 Geli.
926 2008 976 2078 20,
990 2007 1019 2060 8.
1059 1999 1176 2060 Octobri
1196 2015 1311 2068 mense¹

184 2093 353 2156 uindemiam
371 2097 456 2157 lmese
475 2100 661 2159 calendarium
679 2101 831 2174 rusticum,
850 2097 926 2177 quod
946 2106 1073 2170 uocatur,
1093 2093 1186 2153 docet·
1221 2095 1292 2152 Vtut

186 2195 247 2265 ost,
273 2189 548 2272 Kalendas.aliquot
566 2196 640 2252 actui
665 2213 758 2254 rerum
778 2191 1000 2252 accommodasse
1021 2189 1130 2247 uidetur
1148 2189 1292 2260 Tiberius,

185 2279 297 2361 dequo
316 2287 370 2344 Dio
390 2287 439 2362 58,
458 2292 512 2345 21:
533 2278 583 2346 ὅτι
603 2281 676 2356 τούς
694 2283 810 2362 νόμους
831 2279 903 2354 τοὺς
924 2281 991 2361 περὶ
1010 2284 1071 2343 τῶν
1091 2275 1293 2356 συμβολαίων

184 2363 245 2432 sind
265 2377 321 2435 τοῦ
336 2374 498 2458 Καίσαρος
517 2377 675 2457 τεθέντας,
692 2365 779 2452 ἐξῶν
799 2375 849 2440 καὶ
870 2373 977 2449 anneta
990 2373 1041 2436 ani
1055 2369 1176 2452 ,ταραχὴ
1191 2370 1291 2450 nutas}
1310 2451 1311 2456 ἵ

184 2461 378 2546 γενήσεσθαι.
392 2464 526 2548 ἔμελλεν,
545 2467 745 2551 ἀνενεώσατο,
766 2486 796 2534 et
814 2476 899 2552 paulo
918 2483 996 2552 post:
1017 2467 1051 2532 τὰ
1071 2463 1210 2530 κατὰτὰ
1231 2468 1311 2528 dor-¹

186 2556 336 2643 erinperto
349 2561 536 2642 ἐμετρίασεν,
552 2585 587 2626 ex
600 2588 656 2647 quo
670 2571 830 2646 intelligitur
844 2559 1033 2626 ἀνενεώσατο
1049 2583 1197 2645 perperam
1208 2565 1292 2640 uulgo

186 2655 266 2713 reddi
285 2649 448 2719 radanciam
465 2669 535 2732 οεοῦ,
554 2681 607 2739 pro
619 2663 779 2726 redemerat·
810 2663 933 2720 Acrisius
952 2659 1218 2740 plusquamperlebti
1237 2661 1292 2716 uim

186 2747 288 2825 babet,
310 2745 506 2828 utixu'me'dasia
523 2755 596 2814 Xen.
617 2758 705 2815 Anab.
727 2756 920 2832 1,1,2,clr.
941 2753 1073 2829 Thucyd.
1095 2761 1123 2829 1,
1140 2757 1195 2810 102
1216 2750 1292 2831 apud

187 2843 289 2903 Mattb.
310 2848 339 2918 §.
348 2849 418 2922 491,
437 2859 514 2924 σοῖν,
534 2839 657 2923 ἔμελλεν
676 2850 742 2909 inde
757 2850 944 2928 suspenditur.
973 2849 1046 2904 latae
1059 2847 1185 2904 Caesaris
1205 2849 1292 2922 leges,

188 2935 225 2995 de
243 2938 343 3017 quibus
361 2941 426 3000 uide
445 2943 566 3021 interpp.
586 2944 622 3001 ad
642 2945 724 3002 Dion.
744 2947 793 3019 41,
810 2948 849 3002 37
869 2944 932 3002 coll.
953 2941 1045 3001 Dione
1063 2943 1112 3014 42,
1133 2944 1170 2996 22
1191 2950 1221 2998 et
1241 2945 1292 3012 ³²3

188 3031 248 3092 Cic.
268 3033 305 3092 ad
323 3034 410 3093 famil.
429 3037 459 3111 9,
482 3039 631 3111 lbet183
658 3043 705 3111 ll,
720 3041 773 3110 28,
793 3033 905 3114 quando
927 3034 1050 3091 exerceri
1068 3032 1216 3110 desierint,¹
1239 3034 1293 3091 Dio

188 3124 239 3201 ⁵1,
253 3133 303 3201 21,
326 3129 406 3190 Suet.
421 3128 488 3189 Oct.
507 3132 544 3188 41
566 3129 678 3190 docent.
717 3131 780 3188 Hoc
798 3130 906 3205 ignoro,
927 3134 1018 3183 utrum
1039 3127 1167 3186 ll'iberius
1185 3127 1294 3187 Kalen·

86 3235 89 3256 ¹
189 3217 240 3276 das
258 3220 345 3282 instas
364 3241 425 3283 erse
444 3225 552 3284 iusserit
565 3232 682 3302 propter
697 3222 843 3280 adauctam
858 3237 910 3297 per
926 3219 988 3278 illas
1007 3221 1090 3278 ctiam
1109 3221 1184 3296 leges
1203 3222 1292 3280 litium
1310 3217 1311 3224 '

188 3311 373 3390 frequentiam
381 3303 396 3391 ,’
418 3319 523 3377 leniore
550 3337 616 3376 usus
641 3316 783 3388 remedio,
810 3331 893 3390 quam
920 3311 1037 3389 postbac
1056 3313 1206 3389 Claudius,
1236 3315 1291 3373 uid.

189 3405 273 3466 Dion.
292 3409 342 3482 60,
363 3413 412 3482 17,
437 3412 502 3486 quia
526 3410 563 3469 de
581 3411 716 3470 Kalendis
739 3410 804 3468 olim
828 3405 908 3464 lastis
932 3408 1025 3465 nescio
1044 3407 1112 3484 quid
1130 3409 1242 3468 subolet
1258 3427 1293 3468 ex

190 3499 267 3560 Gall.
287 3507 337 3576 12,
358 3506 407 3576 13,
430 3520 466 3559 an
485 3502 513 3560 id
532 3503 646 3579 iecerit,
673 3514 705 3562 ut
727 3505 760 3562 iis
779 3501 894 3576 diebus,
919 3501 1085 3559 solemnibus
1106 3499 1164 3559 iam
1185 3504 1311 3580 pridem

189 3595 230 3652 rei
248 3593 404 3653 fenerat-iae
421 3614 484 3654 oum
502 3595 612 3671 ldibus,
638 3595 697 3654 uid.
711 3594 801 3655 Orell.
816 3594 853 3654 ad
866 3596 935 3653 Hor.
949 3593 1032 3671 epod.
1047 3599 1085 3669 2,
1105 3595 1150 3652 uel
1169 3595 1290 3656 Brisson.
1310 3621 1311 3624 ¹

190 3685 228 3746 de
245 3686 371 3747 formulis
390 3688 438 3747 lib.
448 3692 479 3764 6,
499 3709 527 3767 p.
538 3689 607 3764 540,
625 3689 748 3748 arbones
766 3687 917 3766 legitimae,
935 3687 960 3744 si
979 3703 1051 3764 quae
1066 3689 1167 3746 exiliis
1186 3688 1293 3766 legibus
1310 3765 1311 3772 ἵ

75 3847 80 3858 ¹
189 3782 258 3860 ipsis
276 3791 466 3858 sanarentur,
484 3783 593 3842 fierent.
625 3781 717 3858 Pergo
736 3783 764 3840 in
783 3781 1012 3860 interpolatorum
1028 3781 1109 3860 nugis
1128 3783 1292 3841 conuincen·

191 3875 247 3937 dia.
291 3875 427 3934 Postridie
452 3875 519 3934 Kal.
545 3873 632 3954 April.
658 3876 824 3934 comitialem
849 3873 1022 3933 uolueruntr'
1046 3874 1204 3951 perincerta
1227 3893 1291 3934 con·

191 3968 309 4044 iectura,
327 3970 412 4028 immo
430 3969 512 4046 falsa,
531 3987 595 4027 nam
622 3966 720 4027 tabula
737 3968 919 4026 Praenestina
935 3967 1038 4026 fastum
1058 3966 1152 4025 babet.
1190 3965 1291 4028 Postri-

192 4061 238 4121 die
261 4062 327 4130 Kal.
354 4063 424 4122 Mai.
450 4063 575 4122 scribunt
600 4062 650 4120 BF
671 4060 788 4121 COMP.
809 4061 944 4119 Litteram
969 4061 994 4118 F
1021 4060 1234 4138 desumpserunt
1258 4079 1291 4121 ex

191 4155 351 4254 fragmento
365 4158 520 4233 Venusino,
538 4155 616 4236 quod
634 4158 745 4216 noubse
761 4162 923 4234 potuerunt.
961 4153 1128 4233 dompilnlio
1144 4155 1290 4235 Fogginius
