2636 4678
192 245 216 292 X
582 245 662 294 nvn!
684 243 889 296 mmm!

65 437 67 449 ι
161 435 164 443 2
190 397 275 458 clauc
293 393 356 458 eant
374 396 412 460 ob
428 412 558 472 oausam,
575 395 651 479 qnod
668 345 785 476 psstism
802 406 920 478 propter
936 397 1055 478 reliquas
1072 398 1138 458 Diui
1157 397 1279 460 Caesais

190 491 320 555 σίοιοείαι
333 489 420 549 seriae
432 489 543 569 quidem
556 490 681 569 agendae
692 501 795 567 meent,
806 491 867 550 ludi
880 510 946 552 uero
959 491 995 550 ad
1009 510 1104 552 eorum
1118 494 1280 572 exemplum,

190 601 262 662 quos
276 582 415 642 xParilibus
433 594 550 664 propter
567 584 777 664 Hispaniensem
803 587 944 644 uictoriam
964 586 1029 645 olim
1054 586 1210 660 institutos,
1234 585 1281 644 sed

190 685 258 736 tunc
275 678 392 756 primum
412 679 553 758 neglectos
568 677 623 736 Dio
641 686 768 748 testatur,
787 679 987 740 omitterentur.
1014 678 1089 738 Nam
1108 696 1144 736 ex
1161 695 1195 735 eo
1212 678 1281 754 ipso,

190 769 266 850 quod
285 768 340 827 Dio
358 771 408 845 Ab,
425 774 445 828 7
463 773 509 850 qui
529 770 587 829 lodi
605 780 708 846 essent,
727 764 902 848 ἱερομηνίας
921 766 1083 850 ἐπινικίους
1100 769 1179 850 dixit,
1199 789 1282 848 argu·

188 871 313 922 mentum
331 860 475 938 duxerim,
497 862 565 921 dum
585 865 688 923 Caesar
707 865 792 941 uiuit,
818 866 939 944 reliquas
958 882 1069 945 quoqne
1088 864 1146 924 eius
1163 865 1282 942 singulas

56 957 60 964 '
189 957 338 1031 ssiotorias,
357 957 455 1033 quibus
474 957 502 1015 in
521 957 718 1036 posterioribus
736 956 814 1018 fastis
832 957 919 1018 leriae
937 968 1086 1032 notantur,
1104 967 1222 1036 propter
1239 957 1281 1016 lu·

189 1051 253 1112 bam
269 1049 420 1123 deuictum,
439 1049 630 1110 Alexandriam
645 1059 754 1129 captans
773 1051 897 1130 aliasque
915 1069 958 1110 res
976 1061 1080 1128 gestas,
1099 1050 1171 1109 ludis
1185 1070 1281 1110 eonsu-

188 1144 291 1201 iaribus
310 1141 458 1201 honoratas
476 1129 570 1203 luisse.
598 1143 747 1203 Decretum
767 1146 911 1204 enimiuit
929 1137 1103 1220 ἱερομηνίαν
1123 1138 1281 1219 ἐξαίρετον,

188 1225 298 1304 ὅσεὶκις
315 1225 354 1294 ds
372 1230 439 1313 νίκη
459 1253 507 1306 τις
525 1235 641 1317 συμβῇ,
660 1233 711 1296 καί
730 1233 846 1296 θυσίαν
865 1229 915 1296 ἐπ’
937 1229 1017 1316 αὐτῇ
1035 1233 1212 1315 γίγνεσθαι,
1230 1239 1282 1296 Dic

185 1330 296 1405 43,st
323 1327 461 1388 increbuit
478 1330 501 1388 is
520 1349 580 1389 mos
598 1333 650 1390 sub
670 1330 836 1391 Octauiano.
863 1337 942 1388 Anno
954 1332 1012 1389 714
1033 1319 1279 1408 sivnnssiyopscsi

187 1417 236 1482 tut
250 1420 296 1505 τῷ
311 1415 434 1503 πολέμῳ
450 1422 493 1504 τῷ
508 1417 587 1500 πρὸς
600 1417 671 1494 σούς
685 1420 823 1503 σφαγίας
837 1415 984 1498 εὗχθεῖσα
1000 1413 1074 1482 sind
1094 1422 1166 1482 τῶν
1184 1414 1283 1482 sinci-

186 1533 262 1578 των
282 1507 427 1593 ἐποιήθη.
466 1515 561 1578 Ludos
583 1519 691 1578 uotiuos
716 1528 833 1599 propter
858 1517 976 1576 reditum
995 1516 1115 1594 Augusti
1133 1518 1191 1574 746
1210 1535 1284 1575 auno

144 1651 147 1661 .
186 1611 313 1690 unquenti
330 1609 457 1669 fecerunt
474 1610 539 1669 Piso
558 1611 653 1671 consid
672 1622 701 1672 et
719 1614 801 1672 Caius
821 1613 925 1670 Caesar
948 1610 1011 1669 loco
1030 1609 1136 1670 Tiberii
1155 1611 1285 1683 consulis,

186 1702 242 1764 Dio
261 1703 311 1778 55,
327 1705 356 1762 8.
405 1702 492 1774 Esto,
510 1703 561 1762 lios
580 1705 666 1764 semel
684 1715 792 1767 anum
810 1705 927 1764 sonans
944 1703 1034 1764 editos
1052 1722 1131 1780 essa,
1155 1705 1286 1782 exemplo

94 1839 98 1848 ·
187 1813 248 1862 asse
265 1804 400 1875 possunt,
425 1815 462 1855 ne
480 1795 554 1866 ludi,
573 1798 768 1876 Augustalibus
786 1798 833 1877 qui
851 1798 911 1856 fieri
930 1797 1052 1876 coepisse
1072 1798 1201 1857 uidentur
1218 1796 1286 1856 inde

186 1891 222 1949 ab
241 1907 315 1948 anno
333 1891 402 1965 734,
420 1889 475 1948 Βία
491 1889 540 1965 54,
556 1891 605 1965 ³4,
624 1900 741 1970 propter
758 1891 840 1950 alium
860 1890 977 1950 reditum
996 1892 1122 1968 Augusti,
1141 1900 1206 1950 ante
1225 1893 1286 1950 eius

185 1991 303 2041 mortem
322 1983 359 2045 nb
377 1983 456 2058 aliis,
482 2000 566 2061 quam
583 1984 758 2061 oonsulibus,
777 1983 866 2044 iactos
886 1993 976 2062 putes.
1014 1985 1084 2044 Post
1101 1985 1160 2042 eius
1178 1983 1285 2042 obitum

185 2074 297 2136 honoris
316 2095 400 2136 causa
418 2077 540 2156 praetori
559 2077 665 2136 urbano
682 2077 805 2136 mandati
821 2088 898 2151 sunt,
916 2079 988 2136 Tac
1007 2095 1073 2136 ann.
1094 2083 1125 2152 1,
1138 2077 1184 2134 lb.
1223 2077 1286 2136 Ve-

185 2189 248 2232 rum
266 2171 324 2231 ludi
342 2171 458 2230 natalitii
476 2171 590 2247 Augusti
614 2188 725 2249 semper
743 2189 760 2229 a
780 2170 938 2229 consulibus
956 2171 1078 2244 fiebant,
1106 2169 1206 2229 diserte
1225 2180 1287 2228 tra·

185 2263 518 2336 decurionatus&
548 2258 599 2324 sol
625 2258 665 2322 sd
690 2259 809 2342 γενέσια
835 2256 872 2322 αἱ
895 2255 1039 2323 ὕπατοι
1066 2258 1098 2334 ἐξ
1122 2256 1191 2322 ἴσον
1217 2266 1289 2334 τοῖς

183 2349 322 2434 Ἀρείοις
341 2348 577 2435 ἇνωνοθετῶσι,
602 2359 650 2417 ubi
667 2358 802 2418 falluntur
819 2359 983 2437 interpretes
1002 2358 1038 2417 da
1052 2349 1192 2433 Ἀρείοις
1210 2358 1288 2435 illis3

185 2460 251 2511 sunt
268 2452 340 2508 enim
358 2451 416 2509 iudi
434 2469 583 2529 perennes,
603 2455 651 2530 qui
669 2454 697 2511 in
714 2451 792 2510 fastis
814 2460 953 2526 notantur,
971 2449 1068 2510 Martis
1082 2451 1196 2526 Vltoris,
1207 2453 1289 2512 'item

185 2545 363 2621 consulares,
392 2561 456 2602 nam
479 2544 534 2602 Dio
562 2544 743 2618 ao,1oits=
772 2545 817 2624 τῷ
841 2561 873 2602 τε
891 2537 1023 2622 Λοακίρν
1050 2539 1100 2603 sni
1125 2543 1169 2624 τῷ
1195 2542 1227 2602 Γ
1223 2545 1289 2626 oripi

184 2627 286 2697 πάντα
304 2628 454 2708 καθάπαξ
476 2631 665 2697 τὰτοιαῦτα
689 2634 858 2717 ἐπιτρίψας
881 2627 1050 2718 ἱναατικῇ
1075 2635 1152 2697 τινί
1177 2633 1290 2722 ἀρχῇ

184 2723 265 2793 κατὰ
284 2723 319 2790 τὸ
339 2724 471 2790 παλαιὸν
487 2727 672 2811 χρωμένοις,
693 2733 739 2791 ubi
757 2732 823 2790 itam
842 2741 953 2808 praeter
973 2749 1030 2790 rem
1049 2733 1140 2790 nescio
1159 2732 1226 2810 quid
1248 2735 1291 2795 de

182 2823 334 2903 pontificali
352 2833 382 2884 et
400 2827 525 2904 augurali
545 2829 686 2906 utriusque
705 2825 838 2904 dignitate
853 2835 976 2886 monent.
1005 2825 1140 2885 Consules
1154 2827 1292 2906 Caligula

183 2915 416 2996 reprehendebat,
434 2917 510 2998 quod
527 2919 669 2979 uictoriam
685 2921 799 2998 Augusti
815 2919 852 2980 de
865 2917 982 2976 Antonio
1001 2935 1036 2976 ex
1048 2937 1126 2978 more
1143 2920 1292 2984 celebras-

182 3022 261 3088 sent,
285 3011 340 3073 Die
357 3015 409 3088 59,
426 3017 476 3072 20.
514 3012 642 3093 Denique
665 3015 738 3074 idern
765 3033 826 3072 cum
853 3021 947 3070 uarrat
973 3029 1046 3070 anno
1064 3015 1138 3088 799,
1157 3016 1207 3088 60,
1228 3021 1294 3078 27ι

177 3096 364 3178 Ἀσιατικὸς
382 3103 417 3166 δὲ
438 3098 606 3186 ἀνεδείχθη
631 3101 688 3184 μὲν
714 3097 757 3177 αἱς
781 3101 832 3166 sol
858 3096 902 3162 δι’
923 3095 1011 3173 ἴσους
1033 3095 1293 3188 sinensium,

180 3193 220 3258 oti
238 3194 341 3276 scissor
360 3198 411 3260 rol
432 3196 552 3278 ἐποίησε
572 3199 672 3276 τοῦτο,
693 3192 764 3258 ἀλλ’
781 3194 881 3278 ἀφῆκε
897 3190 953 3274 τὴν
974 3191 1072 3275 ἀρχὴν
1091 3192 1294 3284 ἐθελούσιος,

114 3363 117 3368 ,
182 3283 202 3354 ἱ
218 3288 268 3354 sol
289 3286 389 3372 ἕτεροί
401 3311 484 3364 ’τινες
502 3287 645 3374 inpares.
664 3286 735 3353 ἀλλ’
752 3289 859 3352 irrisos
876 3287 933 3367 μὲν
951 3281 1011 3350 sind
1027 3289 1142 3369 πενίας,
1161 3287 1202 3354 ssi
1220 3293 1293 3378 γὰρ

179 3377 374 3464 decidissem
399 3382 438 3446 sd
458 3385 491 3446 ἔν
518 3392 606 3459 ταῖς
630 3380 917 3463 ἱπποδρομίαις
939 3376 1100 3464 γιγνόμενα
1125 3383 1173 3446 tut
1201 3389 1295 3454 πολὺ

182 3472 361 3558 dragonarica
379 3511 436 3557 -,
455 3499 587 3560 quorsum
606 3483 725 3540 euaserit
742 3479 810 3539 iliud
829 3478 957 3538 ludorum
977 3481 1161 3540 tumulariam
1180 3502 1295 3564 genus,

181 3575 248 3635 oiim
266 3576 451 3652 incognitum,
479 3576 609 3636 ostendit.
648 3574 779 3651 intelligis
797 3573 850 3636 isac
868 3591 954 3651 genus
971 3574 1032 3651 ipsa
1050 3575 1190 3649 nouitate,
1214 3597 1296 3642 nam

181 3659 241 3728 iudi
259 3669 392 3727 uictoriae
408 3669 541 3730 Sullanae
559 3687 672 3748 quoque
697 3685 753 3728 non
779 3667 850 3728 adeo
876 3675 984 3728 ueteres
1001 3676 1097 3740 erant,
1123 3675 1182 3726 tum
1202 3675 1295 3748 quod

180 3779 200 3820 a
218 3762 282 3820 solis
301 3763 458 3827 oonsulibus
485 3764 701 3844 procurabatur,
729 3763 764 3820 ab
789 3761 907 3838 antiquis
932 3761 984 3819 illis
1008 3759 1079 3820 ludis
1098 3760 1134 3818 ad
1154 3760 1297 3830 diuersos

180 3857 356 3932 magistratus
375 3855 573 3934 pertinentibus
591 3855 720 3930 differre,
750 3863 889 3912 caeterum
915 3854 1074 3916 celebritate
1099 3865 1127 3914 et
1146 3854 1297 3931 dignitate

180 3965 271 4026 paene
289 3937 617 4028 aequiparara'eosdem.
655 3950 713 4007 lam
739 3967 807 4008 uero
832 3967 888 4026 quo
912 3949 1110 4026 temporebus
1130 3950 1297 4016 emulare

179 4057 266 4118 genus
285 4031 401 4104 manime
420 4043 542 4121 uigebat,
560 4041 628 4101 iliud
642 4060 754 4122 quoque
768 4043 901 4101 uetustius
916 4043 1028 4104 remotis
1042 4041 1173 4101 aedilibus
1193 4059 1296 4108 curu.

132 4125 134 4130 ’
178 4135 249 4200 libau
268 4136 438 4221 prendique
455 4135 521 4198 solis
539 4137 712 4221 praetoribus
731 4137 861 4200 committi
877 4138 978 4218 coepit.
1008 4134 1093 4212 Quod
1112 4135 1192 4196 clasis
1212 4157 1297 4202 uer.
