2642 4674
454 251 677 312 susurronum
941 265 1114 320 ccnxxxut

42 423 110 492 qurta
127 415 244 494 utrinque
262 416 434 478 auctoritatis
459 416 538 476 lance
557 414 643 477 aulius
668 413 774 494 ingenii
796 431 852 492 ope
878 421 907 474 ct
931 417 1047 484 arbitrio
1065 402 1112 482 res
1227 445 1231 454 ·

43 509 197 568 administrari
210 510 315 589 possit,
340 509 408 586 quin
429 509 528 586 uulgus
552 509 621 568 illud
640 509 812 569 eruditorum
832 510 964 571 contiuuo
988 515 1113 578 animum

41 601 80 658 ribi
94 612 182 678 sanat,
201 604 275 682 quod
292 603 471 662 auctoritates
490 603 666 680 perpendere
685 605 771 682 plane
790 603 923 662 nondum
936 603 1044 668 didicit.
1077 607 1111 668 Si

41 693 450 770 tremamus‚st1tmruelius,
468 695 698 774 incomparabiles
718 697 786 771 uiri,
804 715 875 777 quos
895 697 1008 758 honoris
1026 718 1111 762 causa

39 787 137 862 nomino,
153 790 176 847 si
193 791 346 867 paucissimi
364 800 478 868 praeter
494 789 556 848 illos
572 791 621 848 tali
636 789 790 868 quaestioni
804 788 946 852 sufficiunt
960 801 1110 871 postquam

39 879 123 956 legibus
139 891 166 940 et
182 884 311 963 exemplis
325 879 495 960 disciplinam
506 885 680 942 munierunt:
701 904 754 961 ego
769 882 806 942 ad
824 881 853 942 id
874 885 997 947 nondum
1018 888 1110 970 caleo,

39 989 77 1030 aar
90 974 114 1031 in
130 975 215 1034 nediu
237 977 337 1036 fraude
364 994 462 1034 uerum
485 977 552 1032 satia
577 967 752 1036 confidenter
776 976 925 1042 enucleare
942 979 1109 1058 potuisscma

38 1067 85 1122 ratis
107 1076 143 1126 est
163 1069 185 1127 si
210 1070 295 1130 libros
313 1089 331 1128 a
349 1067 451 1129 fraude
469 1069 575 1129 alienos
594 1079 671 1133 recte
690 1070 813 1149 dignoui.
852 1069 956 1150 Vtique
975 1072 1004 1134 hi
1021 1075 1110 1150 patulo

39 1173 76 1216 nec
90 1160 165 1221 multo
182 1175 245 1223 sunt
266 1165 433 1244 posteriores
452 1160 630 1220 adulteratisr
650 1162 733 1222 facile
752 1183 819 1244 ergo
838 1175 951 1243 praeter
970 1167 1037 1228 uitia
1054 1167 1110 1226 illic

37 1250 175 1313 dissimulata
193 1258 246 1316 alia
265 1257 445 1318 continebant
464 1257 654 1314 communibus
674 1259 846 1334 recentiora,
874 1261 924 1320 ubi
943 1277 1041 1320 uerum
1059 1267 1109 1320 'es-

38 1355 80 1404 tare
94 1351 175 1424 potuit
193 1351 220 1409 in
240 1351 413 1430 interpolatis
432 1351 517 1409 libris.
551 1350 609 1408 Sed
630 1349 695 1410 huic
714 1353 895 1412 consolationi
914 1372 1055 1431 uunquam
1075 1354 1109 1412 li·

36 1441 114 1498 certitu
130 1442 244 1520 indulsi,
271 1446 356 1504 immo
384 1445 470 1502 restiti
497 1443 622 1502 fortassis
642 1445 823 1520 obstinatius,
848 1447 887 1505 uti
913 1446 979 1504 dixi.
1014 1454 1110 1525 Atque

36 1527 140 1592 lanum
157 1536 193 1596 de
210 1539 265 1597 boc
284 1537 503 1616 interpolationis
527 1554 630 1613 gauere
655 1537 731 1614 quod
755 1550 832 1598 certa
858 1538 984 1598 codicum
1004 1540 1109 1600 familia

34 1627 169 1688 mutuetur.
202 1632 287 1690 Aliud
306 1641 349 1690 est
369 1648 470 1709 uagum
489 1639 519 1688 et
536 1630 696 1690 inconstans
715 1633 791 1710 qnod
811 1650 864 1710 per
883 1633 977 1694 omnia
995 1634 1108 1694 saccula

34 1715 275 1785 indcaduodecirno
295 1725 435 1803 librosque
453 1723 650 1784 diuersissimos
668 1735 755 1800 errat,
773 1727 852 1785 cuius
867 1728 990 1789 nouerit
1009 1727 1108 1786 inutile

32 1810 131 1888 ueupla
147 1818 281 1878 nonnulla
306 1819 431 1896 posuisse
456 1835 493 1877 ex
517 1817 592 1878 libris
612 1828 742 1879 accurate
760 1821 842 1880 notis.
881 1819 944 1879 Lib.
960 1825 990 1894 l,
1008 1819 1108 1880 noas

32 1918 70 1975 pm
89 1907 193 1985 uulgato
219 1913 298 1972 triola
323 1929 426 1990 sopora
452 1911 522 1970 locis
546 1911 680 1970 Francos.
708 1912 793 1974 habet
822 1914 1002 1992 souitopttiw
1025 1914 1108 1989 ¹⁰⁰5&
1206 1903 1211 1911 i
1270 1931 1273 1938 ’

31 1997 104 2053 ulis
120 2019 168 2078 pro
192 2008 292 2065 nabao
312 2013 473 2084 commerui
489 2010 568 2083 ipses
592 2005 666 2066 idem
694 2009 815 2084 conuopit
837 2013 925 2068 meula
942 2007 1054 2080 worse
1078 2016 1108 2066 0²

32 2091 106 2148 ulit
121 2112 170 2171 pro
188 2099 430 2176 Parrhasiumque
448 2099 537 2159 iorem
560 2099 635 2158 idenr
658 2103 872 2177 panormumque
890 2117 1002 2162 murus:
1027 2101 1107 2176 pen·
1222 2103 1225 2110 ’

28 2179 98 2240 culum
119 2189 218 2265 ingenii
241 2191 311 2251 fecit
336 2192 473 2252 librarius.
512 2192 624 2268 Lina,
644 2213 672 2250 o.
689 2197 728 2254 88
752 2200 830 2252 extat
855 2193 884 2250 in
904 2208 965 2252 sac.
979 2190 1107 2262 ¹Puteum.

29 2276 57 2330 Et
69 2281 133 2338 stetit
147 2283 268 2356 infestus
282 2287 415 2366 proriam
432 2304 516 2348 cersu
533 2287 602 2358 loce,
623 2287 690 2365 quia
709 2283 849 2365 disphcuit
867 2284 1012 2361 uulgatum
1029 2287 1107 2347 sithi

28 2364 136 2444 buoso,
157 2378 235 2455 quod
254 2373 340 2439 facile
357 2398 389 2440 se
408 2389 503 2439 tuctur
521 2380 650 2459 exemplo
669 2379 817 2459 Sophoclis
835 2377 936 2456 fragm.
950 2382 1025 2438 1102
1052 2395 1107 2440 sto-
1208 2425 1211 2434 .

27 2452 73 2530 llil
87 2459 119 2524 tii
133 2485 179 2540 τις
196 2474 334 2552 saporius

27 2569 80 2658 3l¹¹⁸
95 2571 132 2620 cst
149 2564 299 2629 Theocriti
318 2567 395 2644 apud
414 2569 496 2630 Stob.
514 2587 600 2631 serm.
619 2573 650 2644 2,
670 2569 749 2647 pto
765 2564 894 2624 smnus
913 2559 946 2623 ir
964 2561 1022 2643 μὲν
1041 2569 1119 2650 ,τοῖςι

26 2663 104 2722 ⁰le
116 2648 221 2736 ἄρκτοι
240 2656 297 2720 sul
316 2657 444 2734 λέοντες,
464 2660 649 2721 uclLactant.
664 2664 752 2737 7,24.
775 2659 841 2718 Lib.
852 2664 884 2732 2,
893 2662 950 2718 uso
970 2679 1021 2736 pro
1040 2662 1108 2721 sinr-

23 2739 142 2814 oldsrma
158 2756 302 2834 scriptura
321 2756 413 2815 Dicite
433 2753 544 2832 suffuso
562 2762 604 2814 rer
622 2754 697 2816 loon
715 2753 801 2814 uerbo
820 2767 894 2817 uero
917 2753 945 2812 in
966 2754 1107 2838 Thunuuo¹

24 2840 140 2907 Pueriliter
155 2851 251 2909 Dicite
270 2848 418 2924 fuodsutcs
435 2853 466 2909 iar
479 2848 663 2911 mortain
675 2867 790 2910 mauro.
822 2846 863 2908 lb.
884 2867 912 2912 u·
923 2850 980 2909 721
1000 2849 1028 2909 in
1047 2849 1108 2926 pti·
1135 2927 1141 2936 ,
1176 2845 1180 2856 ’

22 2943 56 2987 mo
70 2932 206 3002 Puteaneu
226 2941 389 3004 walaradans
406 2960 501 3024 perporo
519 2960 573 3022 pro
592 2945 759 3002 ooouuillore
776 2959 909 3020 popano).
948 2939 1012 3004 Lib·
1023 2944 1053 3016 i,
1066 2941 1106 3002 ,69

22 3019 95 3088 haral,
113 3052 181 3110 quse
199 3039 305 3114 paruis
329 3034 555 3113 prosciderunt
576 3055 630 3115 pro
658 3055 729 3112 quos
752 3036 892 3115 numnis.
932 3031 1021 3096 Simili
1044 3032 1106 3094 ele-

20 3121 92 3191 iilil't
108 3128 193 3188 codex
214 3131 320 3189 nullius
339 3130 381 3188 rei
394 3129 519 3187 Gallicus
538 3134 568 3200 2,
580 3131 637 3188 403
652 3139 681 3187 ct
693 3133 723 3201 3,
733 3131 789 3186 841
813 3128 967 3201 Voplrrcol
985 3125 1108 3188 clamore
1202 3133 1205 3140 '

19 3216 69 3284 illi
88 3231 114 3278 et
136 3226 198 3282 sins
216 3241 335 3286 sauram
351 3225 452 3300 putris.
492 3221 555 3282 Lib.
572 3223 604 3296 4,
623 3240 721 3280 uersus
732 3223 771 3278 47
795 3229 873 3279 totus
890 3217 1002 3294 relictus
1017 3217 1107 3276 'aliter

19 3308 248 3376 elliulloretrmis
269 3317 389 3390 duobus,
407 3317 506 3374 ullo
522 3331 644 3394 porsorto
657 3331 740 3374 rusus
758 3330 811 3390 pro
829 3329 899 3389 pers
910 3328 1001 3372 rorem
1018 3311 1106 3370 intcrs

18 3400 100 3472 l⁰¹ttio
118 3409 173 3469 dici
192 3413 304 3492 p'oterit
326 3412 354 3469 in
374 3409 514 3486 Gotting.,
542 3418 574 3468 ut
592 3427 621 3467 u.
633 3410 691 3466 447
715 3409 744 3468 io
772 3408 935 3482 comtusque
951 3423 1111 3482 puramque

16 3500 95 3568 Pfflio
112 3508 267 3566 cumcuma
285 3511 375 3562 mutar
398 3521 485 3579 supra
504 3504 606 3562 lineam
624 3501 729 3564 Morct.
748 3518 805 3558 sco.
827 3500 869 3558 ΙΙ).
887 3497 944 3556 695
964 3499 1035 3556 inter
1055 3517 1106 3562 ua-

17 3586 57 3646 ¹i⁰⁸
77 3595 254 3658 librariorum
284 3607 399 3658 conatus
423 3597 579 3676 scripturae
602 3593 706 3652 codicis
723 3585 856 3652 Francos.
875 3591 1026 3672 particulas
1050 3592 1109 3651 iana

15 3686 104 3748 uculo
120 3691 294 3752 duodecimo
318 3690 435 3749 inueniri
463 3691 562 3765 uides,
588 3707 662 3769 quae
685 3686 804 3747 conficta
832 3693 875 3744 est
899 3685 1015 3745 cnloco
1034 3703 1108 3748 rems

14 3788 83 3838 anor.
100 3803 128 3842 a.
140 3789 199 3844 192
222 3785 282 3845 buc
300 3784 446 3843 adhibito:
475 3789 514 3848 Es
532 3791 644 3844 tonsam
662 3799 729 3841 roro
747 3780 956 3860 praesusumit
974 3779 1108 3842 laurus.

13 3881 54 3942 Ι)Ιο
68 3871 146 3940 humo
165 3877 306 3957 ponenda
324 3878 378 3940 luit
396 3885 482 3938 uno.
521 3877 586 3939 Lib.
602 3877 633 3952 5,
648 3880 703 3935 ³⁰1
734 3877 763 3934 in
780 3873 951 3933 Londincusi
969 3879 1108 3930 mutatum
1161 3953 1163 3958 Ι

11 3975 44 4020 &t
58 3986 109 4030 nou
127 3973 258 4033 absurde
270 3972 298 4030 irs
314 3974 469 4032 sentcntiae
482 3970 620 4050 generalis
634 3967 772 4028 formante
790 3971 880 4045 Saepe
897 3971 993 4026 Iouem
1011 3963 1107 4024 dicuni

13 4068 69 4118 itti·
99 4062 141 4126 ΙΙ).
160 4066 268 4128 abab
291 4067 399 4128 homor
416 4065 519 4124 codicis
534 4064 666 4123 Thuanci
686 4064 859 4142 aliorumque
877 4070 920 4118 cst
933 4077 969 4118 ex
981 4056 1107 4138 Catullo.

11 4143 42 4206 ih·
53 4159 143 4216 urbii
164 4160 293 4220 alterum
308 4157 509 4222 hemistichium
524 4157 647 4238 corrupit
660 4155 829 4220 Thuaueusr
849 4151 940 4212 Pulso
953 4150 1024 4212 latit
1040 4148 1105 4222 illm

41 4261 79 4317 0¹¹.
92 4267 162 4320 rua
175 4269 280 4330 Proleg.
837 4247 866 4364 Ἰ..
