2678 4668
404 284 454 354 ‘nn
475 286 613 336 morans
636 284 750 350 saonis
994 287 1136 338 cxxxvii

65 437 197 502 affl
210 445 273 516 est,
299 455 335 499 ae
359 437 426 518 bold
452 437 620 500 rewuditius
642 436 681 498 de
704 436 801 516 templi
819 435 941 502 Veneris
963 433 1149 512 dedicatione.

66 534 139 592 nunu
160 533 302 592 vinalibus
327 533 492 610 comperisse
519 530 637 591 Ouidius
670 528 815 607 credetur,
849 531 924 610 qood
949 535 1137 611 ignoraberint

66 625 137 683 Varro
153 637 180 685 et
197 627 322 704 Verrius,
340 626 381 684 uti
397 643 483 704 supra
501 629 696 702 p.xn.'v11sq.
712 622 776 682 dixi.
815 624 877 682 Neo
895 626 943 684 illa
962 629 1045 702 enirn,
1063 645 1137 706 quae

66 717 126 776 Naso
140 721 168 794 4,
183 720 239 780 155
251 740 294 799 sq.
312 719 431 798 scripsit,
450 717 486 776 de
505 717 620 776 Veneris
637 716 825 780 Verticordiae
843 718 914 781 aede
933 719 1067 777 Kalendis
1082 720 1136 780 'de-

66 809 136 870 d'oatu
152 822 217 871 sunt
233 811 430 891 intelligenda,
453 810 490 870 de
510 808 770 889 quapraeterquod
790 822 949 870 consecrata
974 811 1074 870 dicitur
1090 811 1137 872 di-

66 922 138 962 ronua
156 907 275 970 ominum
295 923 470 966 causaanno
491 903 531 966 V.
550 905 585 964 C.
606 904 664 963 640
682 903 717 960 ab
737 902 788 960 lul.
809 900 878 961 uas.
899 906 985 978 §97,
1004 905 1138 980 ignoran-

67 1005 102 1054 tur
115 1001 208 1059 onmia.
247 999 358 1064 Scilicet
377 997 452 1076 quod
470 997 594 1060 Maerab.
607 1005 659 1054 sat.
678 1000 756 1064 1,12
774 995 877 1053 habet:
901 1015 957 1056 nun
975 1003 1067 1056 moun
1084 1001 1136 1056 ita·

65 1097 102 1164 sul
119 1095 227 1152 Variis
245 1091 362 1152 alecus
378 1091 430 1153 buu
448 1090 491 1150 dis
507 1097 605 1168 postea
621 1089 806 1158 οοοοῑίινοοοι,
824 1095 856 1146 ul
873 1097 1018 1150 munusue
1040 1091 1139 1150 Veneri

65 1199 154 1242 naun
165 1185 299 1260 fument,
319 1190 397 1245 ναίον
407 1187 449 1244 rei
462 1201 588 1259 οαοοοοι,
605 1184 672 1260 quia
685 1181 749 1248 lunio
766 1181 824 1242 loco
837 1200 893 1242 uon
903 1185 1036 1254 monii,
1054 1189 1139 1263 proo-

66 1277 202 1338 itrutmdtan
222 1287 279 1350 esi,
304 1281 327 1337 si
346 1276 553 1354 intelligendum
573 1287 644 1334 esset
668 1274 705 1342 de
723 1275 838 1334 Veneris
856 1261 1043 1336 ll'drticordiae
1061 1277 1138 1336 cultu
1217 1325 1219 1334 ,

66 1385 92 1426 eo
112 1370 151 1430 die
175 1357 325 1431 constituto
351 1380 467 1450 propter
492 1369 734 1428 obscaenisslmuin·
754 1387 850 1444 omen,
865 1369 951 1448 .quod
976 1387 1064 1449 puero
1087 1389 1139 1430 suo

65 1479 157 1522 nauare
169 1465 327 1524 Macrobius
343 1461 544 1526 uoeeoundatus
559 1462 606 1536 sit,
625 1463 794 1540 ascripsisset
808 1460 922 1523 Verrius
934 1463 973 1524 ‘de
985 1482 1020 1523 eo
1034 1465 1139 1543 templo

65 1563 170 1616 naua
188 1558 295 1636 aliquid
313 1559 341 1617 in
360 1557 455 1618 tabula
467 1554 658 1628 Praenestina,
670 1555 754 1613 cuius
772 1572 807 1614 eo
824 1553 871 1620 die
889 1556 985 1617 titulus
1003 1558 1138 1630 adeo'iuq

66 1657 127 1724 teger
146 1658 240 1727 extat,
272 1659 304 1709 ut
329 1651 412 1709 mirer
434 1649 550 1707 Veneris
576 1655 676 1710 nonlen
708 1647 835 1708 affiicare
864 1650 938 1708 uelle
963 1651 1138 1730 Foggioiurn.

65 1738 125 1801 Nibrl
141 1746 224 1823 igitur
243 1743 336 1802 dicunt
355 1741 473 1804 Ouidius
496 1751 527 1800 et
545 1739 681 1818 Verrius,
700 1743 751 1800 nisi
769 1742 916 1802 Fonuuae
930 1743 1007 1801 Virili
1024 1743 1141 1804 diuersis

62 1833 159 1898 inlocis
178 1837 367 1916 supplicatum
386 1853 462 1910 esse,
482 1853 498 1892 a
518 1837 696 1893 matronicio
717 1835 788 1896 aede
808 1836 924 1895 Veneris
943 1836 1140 1910 Verticordiae,

64 1945 131 2004 quam
148 1942 218 2009 puto
236 1949 253 1989 a
272 1929 422 1989 Plutarcho
447 1929 483 1986 de
507 1927 574 1987 fort.
593 1929 649 1986 Ro.
668 1947 693 1987 c.
709 1934 747 1988 10
769 1921 983 2006 Ἐπιταλὰρνον
1007 1930 1077 2005 dici;
1101 1930 1141 1990 ibi

62 2024 121 2080 eninr
137 2016 402 2101 βωμόνἌρρενος
423 2015 529 2098 Τύχης
546 2021 631 2080 fnisse
648 2023 757 2082 scribit:
782 2025 974 2082 amulieribus
992 2022 1142 2082 humiliori·
1236 2017 1240 2022 ¹
1282 2047 1286 2060 ·

64 2111 104 2172 bus
120 2135 194 2192 οοτο,
217 2120 257 2176 uti
270 2118 382 2176 Verrius
400 2117 507 2190 scribit,
522 2117 550 2176 in
569 2116 682 2175 balineis
700 2116 825 2194 publicis.
854 2114 930 2173 Nihil
949 2108 1002 2173 nisi
1019 2114 1055 2173 de
1070 2115 1141 2174 For·

64 2217 117 2267 tana
134 2211 214 2270 Virili
233 2209 311 2287 loqui
330 2205 531 2268 uerecundatus
551 2218 593 2266 est
611 2209 777 2270 Macrobius.

123 2303 164 2362 lie
182 2301 407 2362 Vestae-aede
426 2302 451 2359 V
470 2303 511 2362 ld.
531 2303 593 2360 lua.
612 2321 629 2359 a
648 2301 740 2382 Numa
760 2299 886 2361 dedicata
904 2301 1049 2380 pleraque,
1068 2321 1143 2381 quae

63 2391 164 2455 Ouidius
179 2387 279 2472 banci,
298 2395 430 2454 Varronis
444 2414 504 2456 esse
518 2399 631 2474 praeter
649 2413 694 2469 ea,
713 2411 785 2471 quae
803 2411 888 2472 supra
903 2411 932 2472 p.
944 2412 975 2454 ur
993 2413 1010 2452 a
1026 2415 1070 2454 ine
1086 2395 1143 2455 dis·

63 2499 144 2564 putata
165 2498 252 2563 sunt,
279 2500 441 2564 argumento
465 2498 508 2548 est
532 2487 828 2563 consensus‘Dionysii
851 2488 915 2545 Hal.
935 2493 966 2561 2,
984 2491 1038 2547 66:
1064 2485 1143 2562 τινὲς

62 2577 107 2654 μὲν
124 2569 177 2642 ον’-ν
198 2575 290 2642 οὐδὲν
309 2572 367 2651 ἔξω
387 2582 442 2640 τοῦ
462 2580 597 2660 φανεροῦ
618 2574 715 2656 αορός
740 2571 818 2638 εἶναί
839 2597 917 2657 φασι
936 2575 971 2640 τὸ
992 2573 1145 2657 τηρούμε-

63 2693 120 2732 νον·
138 2670 194 2754 τὴν
216 2671 251 2734 dd
268 2671 408 2754 φυλακὴν
429 2669 524 2736 αὐτοῦ
539 2669 706 2754 παρθένοις
720 2667 903 2732 ἀνακεῖσθαι
917 2673 1035 2749 μᾶλλον
1054 2668 1074 2752 ἢ
1092 2668 1145 2734 oir-
1249 2689 1253 2694 “

62 2761 141 2844 dpdur
160 2768 323 2828 ποιοῦνται
342 2761 422 2828 κατὰ
441 2763 476 2828 od
497 2763 591 2841 εἰκός,
618 2759 666 2828 ὅτι
685 2766 745 2843 πῦρ
763 2763 820 2843 μὲν
839 2760 1004 2844 ἀμίαντον,
1023 2765 1146 2848 παρθέ-

62 2881 106 2932 νος
122 2859 155 2923 δὲ
174 2857 356 2944 ἄφθαρτον,
376 2874 404 2922 et
423 2864 566 2940 Augustini
577 2865 609 2936 4,
624 2865 678 2919 1οε
701 2863 814 2923 Vestam
831 2879 888 2920 οοο
907 2865 963 2920 oid
980 2865 1069 2937 ipsam
1086 2881 1146 2922 assa
1180 2845 1194 2860 ⁸

62 2961 279 3038 -psrlincnicrn
299 2955 337 3015 ad
354 2955 443 3030 fauor,
461 2960 525 3022 sino
538 2949 636 3033 puilia
654 2957 754 3012 ciuitas
771 2973 828 3014 csse
846 2973 903 3016 οοο
920 2961 1068 3033 palestini
1085 2955 1146 3016 ideo

63 3049 98 3108 illi
112 3055 235 3128 disputas
252 3047 339 3109 solere
362 3052 480 3122 seruire,
505 3047 578 3124 pund
595 3051 667 3105 siaul
684 3064 721 3106 so
737 3051 859 3122 νῐνρὶοο,
885 3049 927 3107 ilo
944 3047 1017 3108 nillil
1032 3063 1068 3105 aa
1085 3050 1147 3124 ipsis

62 3152 206 3219 mundior,
225 3160 288 3202 cum
309 3141 453 3202 Ouidianis
471 3143 713 3215 uu.289-298;
739 3141 790 3198 cir.
811 3141 869 3199 Cio.
888 3139 924 3198 de
943 3150 999 3199 nat.
1019 3140 1097 3200 deon
1117 3146 1148 3216 3,
1168 3161 1174 3176 ’

62 3239 109 3312 80,
133 3237 193 3298 On.
213 3238 277 3298 last.
296 3240 326 3312 3,
339 3238 393 3312 45,
419 3234 554 3294 Niebuhr.
575 3233 637 3294 bist.
655 3233 694 3292 R.
715 3238 743 3307 1,
762 3251 792 3310 p.
805 3235 872 3294 244.
910 3233 1015 3293 Metelli
1038 3251 1149 3313 quoque

61 3340 131 3406 pont.
150 3350 228 3390 max.
247 3330 353 3388 facinus
364 3330 512 3406 Dionysius
530 3328 655 3407 proxima
674 3326 786 3404 pagiua,
806 3330 920 3404 August.
935 3333 964 3402 3,
980 3330 1017 3386 18
1036 3337 1065 3387 et
1078 3325 1148 3387 Oui·

62 3421 115 3480 dios
130 3443 178 3481 uu.
193 3424 359 3489 437-454
377 3423 475 3482 eodem
494 3421 578 3480 modo
598 3418 725 3478 tradunt:
745 3418 810 3478 uide
827 3419 864 3478 de
882 3439 917 3478 eo
935 3430 1148 3482 commentatum

61 3512 182 3593 Pigbinrn
202 3535 267 3575 aun.
286 3521 317 3589 2,
337 3534 366 3594 p.
377 3516 415 3574 66
434 3515 471 3574 ad
490 3533 593 3586 aunum
611 3513 647 3572 V.
669 3512 703 3572 C.
721 3514 788 3572 512.
825 3513 918 3572 Lubet
942 3515 1075 3576 hocloco
1098 3531 1152 3573 aa·

62 3621 153 3669 notam
171 3608 336 3686 Dionysium
355 3613 386 3684 2,
400 3609 439 3676 50
458 3627 517 3674 uon,
533 3607 674 3666 discedere
692 3623 710 3662 a
726 3606 853 3665 Varrone
871 3606 906 3665 de
924 3607 945 3666 i.
964 3609 984 3667 l.
1003 3608 1034 3683 5,
1047 3610 1097 3682 74,
1125 3607 1150 3664 si

62 3721 172 3782 opernm
192 3703 344 3782 scripturas
356 3700 441 3760 codd.
458 3701 545 3784 Gotli.
558 3712 591 3759 et
608 3699 702 3769 Heln„
722 3707 796 3768 ortae
811 3717 845 3759 ex
858 3699 1030 3775 Florentino,
1047 3701 1075 3758 in
1095 3718 1151 3778 quo

63 3814 113 3852 nna
130 3797 239 3873 syllaba
260 3799 361 3855 Vestae
379 3796 496 3856 nominis
512 3794 682 3855 intercidisse
701 3790 824 3852 uideturc
851 3794 978 3852 nimirum
993 3783 1152 3864 Ἐνυάλιος

65 3899 102 3944 cst
118 3889 273 3966 Quirinus,
297 3887 381 3966 uide,
400 3889 424 3950 ai
442 3907 520 3967 opus,
534 3887 635 3962 babes,
654 3884 815 3945 Ambroscln.
835 3884 917 3945 Stud.
938 3907 968 3965 p.
981 3888 1037 3945 155
1056 3896 1152 3946 annot.

63 3977 103 4038 De
119 3981 183 4041 loco
205 3983 300 4061 templi
315 3992 345 4042 et
359 3980 540 4061 quarumdam
553 3998 692 4048 sacrarum
706 3978 826 4055 aedium,
845 3997 993 4057 quaecum
1011 3981 1059 4042 illo
1078 3997 1153 4038 corn·

65 4083 249 4134 memorantur
266 4075 303 4134 ab
324 4073 444 4150 Ouidio,
471 4074 648 4152 inquiramus.
686 4073 731 4132 lia
755 4073 783 4131 in
808 4092 839 4132 re
861 4075 985 4152 priorum
1004 4084 1070 4134 ante
1088 4073 1154 4130 Ant·

64 4162 221 4228 bruchium
238 4168 484 4249 topographus-um,
505 4167 555 4233 niul
575 4167 621 4226 ubi
640 4167 676 4227 ad
689 4178 784 4230 eorum
804 4167 946 4248 opiniones
964 4166 1059 4238 redeo,
1076 4179 1154 4224 meu·
1248 4205 1253 4212 »
