2678 4668
409 315 439 364 Ῐιι
453 313 490 366 lx
517 315 561 363 DE
584 315 798 367 clncnttsttsvs
1075 317 1168 369 GiulX'

77 475 186 549 nemetae
202 465 287 526 leriae
303 415 418 543 ineunt,
437 467 557 527 monime
575 483 612 527 es
629 483 665 527 es
685 467 867 546 cognoscitur,
885 465 962 546 quod
975 465 1066 528 Varro
1081 469 1154 534 adso

76 561 165 620 nullum
182 579 273 620 esrum
288 559 404 638 'originis
422 562 568 640 uestigium
594 563 739 641 repperit,
763 571 795 621 ut
813 561 850 622 de
868 570 995 640 ternpore
1016 564 1082 624 satis
1107 581 1154 626 re·

75 656 135 714 renti
151 659 268 732 cogitare
285 656 402 714 licuerit.
435 656 501 715 zloui
528 655 633 714 dicatas
655 654 742 714 fuisse
769 655 896 734 suspicor
920 665 1036 733 propter
1061 658 1153 718 losum

75 747 154 806 Diouis
171 751 267 823 41,18
286 749 324 808 de
341 748 388 807 die
407 749 492 806 natali
510 749 545 808 C.
561 749 697 809 Caesaris.
734 748 762 808 ls
781 747 841 807 dies
859 749 890 807 in
907 748 986 808 lastis
1003 747 1153 810 Maiensis

74 843 106 904 tv
124 843 161 901 ld.
184 843 234 901 lul.
258 843 394 902 iudicetur
421 851 555 901 consueto
580 842 712 902 feriarum
737 850 822 918 nota,
847 848 997 900 acuuntur
1021 841 1050 900 in
1074 843 1152 904 laetis
1226 898 1229 906 ,

74 937 188 995 imiteru.
211 947 240 996 et
263 937 378 1011 Antist,
404 945 489 1014 prout
515 953 614 996 reuera
637 936 693 994 insit
715 944 788 995 teste
803 933 899 998 unu.
920 940 949 1009 1,
969 939 1018 1008 12,
1037 953 1067 1014 p.
1080 939 1150 997 248.
1223 941 1227 948 '

74 1029 119 1089 &d
136 1031 279 1101 triumuiri,
299 1049 336 1089 ne
353 1031 381 1089 iu
401 1028 481 1088 ludos
500 1029 673 1108 Apollinares
692 1029 751 1089 eius
769 1028 824 1088 diei
842 1029 987 1088 celebritas
1005 1027 1150 1107 incideret,

74 1117 246 1200 ἐψηφίσαντο
264 1121 304 1202 τῇ
320 1118 487 1204 προτεραίᾳ
501 1117 541 1181 τὰ
554 1115 673 1198 γενέσια
687 1111 891 1200 ἀγάλλεσθαι,
911 1119 987 1200 quod
1001 1139 1057 1180 uon
1071 1121 1151 1183 uide·

73 1223 108 1272 tur
121 1215 321 1293 intelligendum
340 1216 429 1296 pridie
448 1215 508 1275 eius
526 1215 599 1290 diei,
626 1216 666 1274 nti
684 1234 703 1274 a
720 1215 831 1276 Sinnio
850 1215 973 1290 lactum,
990 1215 1041 1274 sed
1061 1217 1151 1294 pridie

73 1307 135 1366 ludus
151 1309 332 1388 Apollinares,
352 1310 381 1368 Ιι.
396 1329 425 1372 e.
444 1307 489 1367 die
501 1307 732 1388 Poplifugiorum.
770 1308 888 1372 Additur
905 1309 989 1388 igitur
1007 1307 1149 1368 decretum

72 1417 134 1478 erre,
158 1411 187 1460 ut
206 1404 253 1481 qui
273 1421 337 1461 eum
362 1402 435 1461 diem
454 1401 637 1479 neglexisset,
662 1402 722 1460 loni
740 1410 770 1460 et
787 1401 861 1461 Diuo
879 1401 948 1462 lulio
966 1419 1046 1462 sacer
1065 1413 1149 1462 esset.

71 1493 166 1554 Certum
184 1505 276 1554 tamen
297 1505 341 1555 est
358 1514 393 1556 ex
413 1495 509 1554 tabula
525 1493 668 1556 ldaffeaus
686 1494 715 1554 id
733 1495 875 1556 decretum
894 1504 984 1554 totum
1003 1496 1148 1558 muscum
1206 1561 1209 1572 ,

70 1597 149 1664 mnes
167 1607 226 1650 esse
244 1590 282 1648 ab
301 1597 437 1668 Augusto.

460 1817 578 1879 LIBER
596 1816 741 1880 NONVS.

127 1964 233 2044 Fragm.
256 1972 285 2024 1.
324 1965 413 2023 Maur.
432 1974 485 2023 cst.
506 1969 596 2040 1,11‚
616 1984 644 2042 p.
660 1969 734 2023 2332
762 1981 798 2023 su
822 1971 937 2024 senoina
961 1965 1056 2042 iisque
1079 1983 1148 2026 cort-

68 2055 126 2118 ttlio
141 2067 165 2116 si
185 2061 307 2120 Montio
326 2057 384 2135 irps
409 2058 447 2116 ud
468 2058 674 2138 propitiandum
691 2061 787 2118 Iouem
809 2057 923 2116 additos
944 2066 986 2116 esi
1007 2058 1065 2116 illis
1091 2061 1148 2120 oir-

68 2149 170 2210 unnim
186 2152 245 2212 dies
260 2156 296 2222 is,
316 2156 363 2230 qui
377 2155 590 2211 instuuruiiuius
604 2153 694 2212 dulor
707 2159 758 2222 ssi,
777 2169 833 2210 nort
848 2169 868 2210 ιι
883 2149 1015 2230 patibulo,
1034 2160 1066 2210 ni
1084 2155 1148 2228 qui·
1192 2181 1194 2184 ·

67 2239 117 2302 dou
131 2253 237 2322 penui,
248 2301 251 2311 Α
262 2249 370 2306 Graeco
388 2249 498 2314 ιιιιιιιίιιι
511 2239 573 2304 ἀπὸ
594 2245 650 2304 τοῦ
669 2243 796 2322 cunoni,
815 2245 864 2303 sed
878 2263 898 2304 n
909 2243 1147 2321 wdintspruiiona,

67 2340 216 2398 ormont
234 2339 336 2417 pinosi,
356 2341 403 2416 otri
419 2343 583 2398 irwtutnorc
598 2342 640 2398 uit
657 2357 716 2397 esse
739 2341 831 2397 insius·
854 2356 968 2398 ιιιιιιιιιι.
1007 2327 1147 2396 Credibile

66 2440 99 2486 est
113 2435 309 2508 narrationem,
333 2451 408 2511 quae
428 2443 493 2490 aute
512 2433 581 2492 baec
600 2452 617 2490 a
636 2432 778 2492 Macrobio
797 2432 934 2506 traditur,
960 2449 994 2490 ex
1012 2432 1146 2493 Varronis
1252 2477 1255 2484 .

66 2517 107 2579 hoe
122 2526 186 2583 libro
204 2527 358 2585 innotuisse
371 2527 535 2604 Augustino,
554 2527 602 2606 qul
621 2525 738 2586 eamden
758 2524 943 2588 habetdeo.
963 2524 992 2585 d.
1011 2527 1040 2601 4,
1059 2528 1098 2584 26
1116 2535 1146 2584 st

65 2616 142 2684 8,1s.
177 2621 203 2678 ls
224 2630 255 2680 et
275 2619 371 2679 Liuius
391 2627 421 2695 2,
440 2623 480 2677 36
498 2621 535 2680 de
554 2620 626 2678 ludis
644 2620 770 2698 maguis,
793 2621 854 2678 siue
873 2620 1007 2678 Romanis
1024 2619 1053 2676 iu
1072 2619 1145 2677 circe

65 2709 161 2768 maximo
176 2713 259 2770 ἰιιιιιι
278 2715 317 2770 ob
337 2731 447 2772 causam
468 2715 626 2773 instauratis
645 2723 797 2772 testentur:
815 2714 892 2771 soles
912 2714 1038 2772 Valerius
1055 2712 1150 2772 blasi·
1254 2763 1262 2778 .

64 2814 110 2858 mur
128 2809 153 2878 1,
166 2809 196 2879 7,
212 2807 239 2862 4,
252 2805 290 2864 de
308 2806 426 2865 Plebeiis
445 2808 473 2865 in
493 2809 566 2867 circo
585 2808 733 2879 Flaminio.
770 2807 845 2871 Nam
864 2807 1010 2884 Dionysius
1030 2807 1093 2866 Hal.
1113 2809 1145 2880 7,

64 2891 93 2948 is
106 2895 179 2956 aliiue
197 2917 254 2956 uon
273 2911 403 2959 accurate
423 2919 482 2959 rem
501 2905 680 2980 scripserunt.
971 2963 974 2968 ,
1018 2933 1023 2946 ·

122 2994 148 3049 ².
179 2991 257 3051 Fert.
276 3011 307 3070 p.
325 2993 394 3069 351,
413 2999 451 3050 22
471 2994 545 3054 dext.
588 2996 720 3066 neonus]
747 2993 827 3054 ludos
856 2998 947 3054 Varro
971 2997 1014 3053 uit
1037 2993 1143 3062 securi,

63 3080 119 3152 nul
133 3117 169 3132 -
186 3087 265 3164 piget
284 3085 391 3164 relique
410 3089 616 3164 transsmibere,
635 3089 801 3166 inquorum
820 3089 1026 3166 supplemento,
1047 3103 1084 3142 ue
1101 3087 1144 3142 ui·

61 3171 100 3314 ptis
114 3175 163 3234 siut
180 3178 286 3256 inepta,
305 3197 361 3238 nou
381 3179 446 3238 mibi
464 3180 615 3242 satisfacio.
648 3182 712 3239 Huc
730 3183 813 3240 retuli
832 3190 949 3259 propter
967 3180 1049 3237 Varr.
1067 3177 1105 3236 de
1122 3177 1142 3238 l.

70 3265 190 3340 .5,154.

118 3357 160 3420 De
183 3361 254 3422 ludis
280 3365 447 3424 circensibus
474 3367 564 3442 primo
589 3366 652 3425 loco
679 3366 767 3444 egisse
785 3365 875 3429 Varro
901 3366 1011 3447 uidetur
1030 3367 1096 3445 qnia
1114 3373 1144 3424 et

60 3453 203 3513 ustrictiores
222 3467 315 3516 essem
337 3461 469 3535 scenicis,
494 3469 523 3517 et
541 3459 601 3516 sine
618 3460 673 3516 illis
692 3461 852 3538 saepissime
871 3461 916 3519 edi
936 3459 1142 3533 consueuerint,

59 3554 179 3621 ¹ittrtquam
198 3568 267 3608 uero
285 3551 386 3610 scenici
410 3553 470 3612 siue
491 3553 667 3612 circensibus.
707 3553 791 3622 Quod
817 3572 836 3612 a
855 3555 970 3613 Graecis
990 3547 1143 3630 ἱπποδρο-

59 3628 113 3704 nius
130 3645 283 3720 nuncupari
301 3646 409 3720 solent,
436 3655 600 3724 argumento
626 3657 687 3723 est,
712 3647 780 3726 anid
805 3659 917 3728 praeter
943 3649 1032 3726 ipsum
1052 3647 1142 3704 locuni

59 3730 207 3800 lilibimum
226 3739 367 3814 peculiare
385 3739 541 3798 habuerint.
580 3740 679 3820 ltaque
698 3741 910 3800 uermtnnmam
933 3742 964 3800 id
986 3759 1077 3819 genus
1095 3757 1142 3798 ce·

59 3815 192 3886 Ιώιὶῐιιιιιιι
212 3831 375 3891 crediderim
399 3832 484 3891 luisse
501 3833 635 3912 Equinis,
661 3853 736 3914 quae
759 3836 795 3893 ab
815 3834 918 3894 Ouidio
937 3840 968 3912 2,
987 3837 1046 3894 857
1065 3843 1094 3892 et
1110 3837 1141 3908 d,

58 3909 103 3971 its
118 3935 319 3984 memorantur:
346 3943 411 3984 nam
431 3927 600 4002 Consualia,
619 3926 655 3986 de
674 3929 773 4007 quibus
794 3933 822 4005 3,
843 3931 916 4002 199,
941 3929 1020 3986 mulis
1037 3925 1142 3985 fiebant

58 4009 114 4066 ²⁸1⁸
129 4012 213 4074 Paulo
235 4035 263 4094 p.
276 4022 343 4095 148,
360 4027 386 4078 1.
417 4021 523 4080 =Priors
549 4039 621 4100 quse
641 4019 762 4080 Ouidius
787 4021 889 4096 babet,
916 4021 1030 4099 Equinis
1051 4019 1139 4076 Varro

58 4101 213 4186 211ῐί1,ᾳυί
238 4110 274 4169 de
291 4113 386 4171 alteris
405 4115 443 4172 its
460 4118 494 4188 6,
514 4119 568 4174 13ι
595 4119 715 4192 Epoiriu
733 4112 767 4173 ab
786 4131 917 4191 eqrtoruur
935 4131 1027 4184 nucu,
1044 4131 1077 4170 oo
1096 4109 1140 4168 dis

58 4191 114 4249 ἡ
129 4195 198 4259 Mis
216 4213 329 4267 mni
346 4209 377 4266 iu
396 4209 507 4266 Mortis
525 4225 632 4286 canopo.
671 4205 767 4283 Lydus
787 4206 823 4264 de
842 4225 932 4265 meus.
952 4207 981 4277 4,
991 4210 1022 4280 9,
1041 4225 1071 4284 p.
1083 4205 1140 4260 158
