2636 4678
178 276 223 326 m
621 245 713 314 reem
733 265 834 313 nvom

181 424 373 502 ωὓῑὶἕῦὓῑῑῑῑ»
398 387 712 498 Pflfflfflss-oplra
734 417 873 478 auo-loco
891 418 1112 495 monstenem
1137 417 1272 480 dormitus

119 535 128 554 ¹
181 512 587 582 etiameorentssoeeintm
601 509 840 590 tabulalapidea.
875 533 880 562 z
957 531 960 540 ¹

193 869 196 872 .
247 809 361 867 -ttustee
371 802 527 865 Maffeinos
542 801 609 860 nibil
628 799 708 860 uides
725 802 878 876 obnubere,
898 803 948 860 nlai
968 809 1042 881 qnae
1056 801 1168 880 publiea
1185 810 1274 860 aneto·
1305 797 1306 890 l

66 945 70 960 .
182 900 264 960 ritate
289 899 410 958 stabilita
435 906 519 973 runt,
546 913 609 953 cum
625 896 898 972 Caemo'bugustue'
917 897 1005 954 laetos
1029 897 1188 956 ordinarett
1214 895 1273 952 nibil
1305 919 1306 924 ¹

70 998 73 1006 '
126 995 130 1006 '
174 994 258 1074 *qnod
276 993 313 1052 ad
332 1010 377 1052 res
395 1007 488 1050 sueres
507 997 709 1066 prospectet,
736 990 865 1066 quoniam
886 1003 959 1065 quae
977 987 1015 1046 de
1033 987 1161 1046 Cameris
1180 989 1273 1044 utrius-

162 1136 164 1148 .
182 1106 237 1164 que
249 1085 372 1144 uictoriis
387 1083 544 1159 traduntur,
554 1079 903 1141 diee'l'eetns'reddeba'nte
924 1079 1001 1156 nihil,
1014 1083 1081 1159 quin
1095 1081 1158 1139 osui
1171 1080 1274 1158 publieo

183 1181 211 1238 ia
230 1197 263 1238 re
280 1169 420 1256 praesenti
439 1176 605 1236 inseruierit.
634 1175 749 1234 ·Verum
769 1173 883 1232 minime
906 1175 1015 1248 omnia,
1040 1192 1114 1252 quae
1131 1174 1190 1231 eius
1209 1183 1275 1230 tem·

182 1275 258 1350 poris
277 1271 405 1346 religioso
424 1268 517 1344 alieni,
535 1270 583 1348 qui
600 1269 646 1326 nel
664 1266 855 1341 fodendernnt
869 1267 1224 1343 pomeranensem
1234 1283 1275 1324 ra-
1306 1284 1307 1346 ξ

178 1383 247 1424 -rarm
265 1363 423 1422 &ainornm
440 1362 571 1424 nobum·
588 1360 687 1441 babere
705 1361 808 1436 uellet,
826 1360 896 1418 soitu
915 1378 986 1439 opos
1005 1367 1114 1435 essent,
1134 1377 1170 1418 ea
1188 1361 1275 1418 tabula

181 1457 319 1516 eontinet.
342 1495 344 1500 .
399 1467 411 1500 »’
551 1513 554 1524 ,
935 1451 942 1462 ’

183 1590 186 1597 ·
260 1549 369 1628 Religio
389 1551 581 1612 Romanorum
600 1569 664 1608 eum
684 1549 799 1609 deorum
817 1567 852 1607 ao
875 1550 1016 1608 numinum
1033 1548 1172 1607 aenimate
1190 1549 1276 1606 Grae-

183 1646 274 1718 enm,
297 1647 505 1704 cerimoniarum
530 1645 611 1721 eopia
636 1639 786 1702 eocleeinm·
800 1643 904 1708 Christi
929 1641 1092 1699 ontbolinam
1119 1643 1277 1724 aequipara·

182 1739 266 1812 uerit,
286 1739 465 1815 interpretem
479 1738 562 1814 longe
575 1735 762 1799 doctissimum
780 1722 948 1814 requirebat.
980 1734 1062 1812 Apud
1078 1735 1202 1794 Graecos
1216 1735 1278 1793 deo-

184 1849 247 1890 rum
266 1827 356 1888 collus
374 1832 571 1907 plerorumque
590 1849 608 1888 n
632 1831 759 1889 labuloto
779 1831 894 1889 heroum
913 1839 1041 1906 ternpore
1059 1830 1169 1886 incertis
1188 1839 1278 1887 aucto·

182 1925 259 1982 tibus
290 1927 485 2002 repetebatur:
516 1924 635 1981 Romani
660 1925 723 2002 qais
750 1919 966 2001 unumquodque
990 1941 1092 1981 numen
1118 1939 1280 2000 unoquoque

70 2075 73 2084 ,
182 2027 311 2094 tempore
328 2015 576 2090 sommendauerit‚
595 2016 741 2093 diligenter
761 2019 913 2075 contante
933 2015 1008 2094 apud
1022 2014 1171 2074 catholicos
1188 2033 1279 2091 poete·

54 2168 58 2178 ,
184 2111 225 2168 uit
251 2111 411 2187 religionum
432 2121 462 2167 et
480 2117 604 2167 eastoum
625 2109 790 2184 multitudo,
816 2112 894 2168 uelut
912 2108 986 2186 apud
1006 2109 1111 2186 priscos
1129 2111 1278 2182 Romanos,

180 2204 236 2266 sed
252 2204 452 2263 nondeereuit
470 2222 580 2277 rursus,
607 2213 639 2261 ut
656 2202 732 2282 opud
751 2205 823 2263 illos.
863 2203 994 2280 Agnoscis
1015 2203 1118 2281 duplici
1136 2204 1220 2262 modo
1231 2204 1280 2260 bi-

180 2300 314 2357 etom’eem
333 2299 413 2375 qsmsi
428 2296 551 2373 indolem
572 2297 611 2354 rei
631 2295 745 2354 diuinae
763 2298 970 2369 Romanorum,
992 2296 1067 2354 unde
1086 2298 1200 2356 seientia
1218 2307 1281 2356 nata

181 2398 228 2450 eet
246 2409 462 2468 eorum‚.quae
481 2390 671 2460 obseruanda,
695 2409 806 2468 quaeue
824 2392 888 2449 olim
907 2393 1055 2449 obseruata
1074 2402 1175 2450 essent.
1212 2391 1282 2448 Eam
1308 2379 1309 2386 ἵ

130 2503 132 2516 ·
182 2483 309 2541 nonnam
328 2503 346 2540 a
363 2483 442 2540 saetis
460 2485 543 2540 saeris
562 2483 682 2540 Romani
703 2484 844 2560 petebant,
864 2503 934 2561 qnos
952 2485 1056 2562 priuati
1074 2487 1198 2542 homines
1216 2504 1282 2562 pro·

184 2578 326 2655 ponebant
352 2576 417 2632 inde
440 2576 477 2632 ab
504 2592 578 2632 anno
598 2578 635 2636 V.
657 2577 691 2632 C.
712 2577 779 2633 4⁴9.
818 2566 903 2635 Tune
927 2579 1001 2636 enim
1026 2580 1146 2656 primurn
1167 2580 1194 2637 id
1220 2579 1283 2636 iuris

184 2669 306 2746 populns
319 2669 378 2724 'sibi
396 2665 564 2740 studeant,
592 2667 841 2745 quodpoelquam·
853 2670 957 2729 lantum
975 2681 1035 2748 eet,
1062 2674 1177 2732 accesit
1202 2675 1282 2730 etiam

182 2761 466 2819 mensurationem
489 2761 524 2816 ab
543 2759 667 2835 historia,
686 2769 718 2818 ut
741 2779 834 2818 rerum
853 2779 993 2826 sacrarum
1013 2767 1145 2842 temporie
1167 2766 1283 2824 decursu

182 2857 390 2920 imoaotatatuns
403 2853 551 2912 memoriae
574 2852 743 2912 adderentur
761 2862 916 2932 temporum
935 2859 1044 2936 reipub.
1064 2859 1210 2918 Romanae
1227 2879 1283 2917 mo·

150 2937 161 2962 ⁸
183 2948 326 3022 ulmeam
350 2948 465 3006 booten
484 2947 591 3004 dierum
611 2948 722 3023 publiea
740 2948 832 3026 aliqua
852 2959 901 3008 aut
920 2951 1043 3028 fortune,
1064 2961 1114 3012 aut
1130 2953 1285 3010 salamitate

184 3043 330 3120 insignium
347 3052 443 3100 notae.
481 3041 556 3097 ilino
573 3031 680 3098 summa
699 3042 837 3117 quaedam
856 3041 1010 3120 doetrinae,
1030 3065 1103 3124 quae
1120 3045 1200 3102 saetis
1219 3063 1284 3103 oon·

184 3135 340 3210 tinebator,
360 3131 466 3200 (effoeta
492 3142 552 3206 est,
577 3133 707 3190 historiae
730 3135 851 3209 perutile
874 3139 1014 3213 quoddam
1040 3138 1200 3196 subsidium.
1243 3139 1286 3194 Ea

177 3227 298 3286 ,seeum
321 3228 344 3283 si
368 3245 387 3284 a
409 3226 591 3303 grammatino
616 3227 724 3304 aliquo,
751 3229 847 3304 quales
874 3232 948 3288 bono
972 3233 1140 3310 reipublicae
1160 3215 1285 3310 tempore

74 3361 78 3370 .
183 3316 269 3376 sulem
286 3317 397 3392 enimus,
417 3321 551 3378 iudiciiin
567 3319 663 3377 litteris
681 3321 798 3397 subacti,
817 3324 845 3378 in
862 3325 1028 3401 miserenti,
1048 3327 1185 3404 explicata
1205 3337 1284 3384 exta-

184 3417 245 3481 ret,
265 3410 376 3483 amolo,
403 3413 489 3470 an'id
509 3412 710 3470 monimentum
723 3431 831 3490 magno
848 3417 875 3472 in
895 3419 1030 3478 breuitate
1047 3419 1168 3477 indolem
1188 3420 1287 3498 populi

182 3502 303 3563 Romani
328 3503 439 3580 egregie
457 3513 691 3580 repraesentaret.
731 3506 791 3564 Sed
815 3507 928 3568 fortune
947 3496 1052 3587 uoluit{
1079 3522 1111 3568 ut
1135 3531 1192 3589 quo
1213 3521 1287 3569 tem-

181 3613 253 3674 pore
270 3594 299 3652 id
315 3595 377 3653 lieri
395 3597 537 3672 oportuit,
562 3605 690 3673 tempore
708 3609 739 3657 et
757 3600 893 3660 lastonrm
913 3605 1015 3662 tabulis
1033 3605 1153 3662 Romani
1173 3613 1287 3662 uteren-

182 3699 228 3750 tur
245 3705 345 3766 perum
365 3688 530 3747 emendetis.
571 3683 640 3746 Inde
666 3708 683 3748 a
703 3692 853 3752 Caesarm
879 3705 971 3754 aetate
990 3715 1064 3774 quae
1088 3715 1133 3755 res
1152 3698 1179 3754 in
1200 3697 1288 3755 fasne

179 3780 275 3838 ,illatae
293 3789 367 3849 sunt.
388 3782 533 3840 maximam
555 3791 664 3860 partem
683 3793 786 3860 poetae
804 3805 859 3844 non
879 3789 1089 3846 oonstantiseimi
1108 3807 1201 3866 neqne
1221 3808 1285 3866 gra·

181 3870 285 3930 nissimi
309 3876 458 3950 praeconio
478 3873 579 3951 dignae
603 3885 677 3934 sunt.
717 3879 820 3948 Verum
845 3885 943 3958 penses
967 3889 1008 3940 est
1027 3881 1289 3961 pluosopbnudun,

105 4000 110 4008 -
179 3979 247 4023 nant
264 3969 451 4026 mino-nan
469 3967 569 4044 planti.

174 4117 177 4122 ,
255 4055 382 4116 Ouidius·
393 4061 476 4134 igitur
494 4059 583 4122 lentos
601 4063 777 4136 Mulierum,
796 4064 849 4123 bno
868 4076 921 4140 eet,
940 4083 1037 4124 eomm
1056 4065 1169 4141 nutiles,
1190 4069 1286 4142 immo,

88 4179 99 4192 κ
177 4158 210 4206 ut
227 4148 430 4227 demonstrem,
458 4154 599 4212 breuitate
625 4167 655 4212 et
677 4157 804 4216 instituto
827 4179 912 4238 qoam
930 4160 1081 4220 simillimos
1099 4167 1212 4217 secutus
1231 4171 1288 4234 est,
