2688 4680
425 344 429 354 ·
559 327 675 379 cutim
806 389 809 396 .
1067 345 1163 403 ,cxcv

58 473 172 536 domm
189 473 267 535 uon
286 473 431 558 dbcrimen
449 474 549 540 dixerit
565 489 676 550 oanctm
688 480 867 565 declamator,
884 497 968 570 atque
986 497 1162 576 propriorum

56 580 87 630 et
107 569 310 639 communium,
328 590 385 649 quo
404 573 492 632 omnis
510 573 652 634 numinum
673 595 848 640 romanorum
866 583 1012 646 multitudo
1032 608 1160 672 compre·
1207 657 1212 670 ,

55 659 217 724 uendituri
237 661 338 723 deinde
356 683 477 742 quonam
497 667 580 728 modo
599 667 928 736 denumerationem
947 681 1160 758 appellationem

56 757 86 819 in
105 777 162 816 usu
181 753 288 816 tonet
313 765 454 835 postremo
477 760 544 838 quid
568 760 683 848 honest
700 763 864 844 locutionis,
890 769 1103 842 aduocatorum
1121 777 1160 840 ud

56 850 164 926 {muas
189 851 311 926 Curuae,
330 869 403 930 quae
421 853 482 930 ipsa
502 852 656 914 aduenticia
673 854 780 918 fueriti
807 859 975 924 Putaueram
994 877 1113 950 utroque
1130 872 1160 934 in

56 944 123 1002 loco
143 945 269 1022 singulas
286 961 349 1004 aras
366 943 538 1031 fuissexisto.¹
550 946 634 1006 modo
655 948 814 1028 inscriptas,
839 957 1069 1032 quemadmodum
1093 965 1160 1024 titu.

57 1037 104 1096 lus
120 1035 181 1096 diis
201 1037 380 1114 aquatilibus,
399 1037 454 1098 diis
471 1038 653 1115 torturum,
671 1039 862 1119 tocpttottloc,
879 1049 1056 1126 militantium,
1074 1076 1175 1145 praa-s

56 1125 178 1200 uuum,
197 1130 292 1206 iratis,
313 1149 382 1210 quos
400 1148 493 1190 omues
510 1132 611 1204 cubant,
630 1133 686 1194 diis
703 1154 835 1198 routnuue
851 1143 1013 1222 reipublicae
1030 1154 1160 1212 mocon·
1176 1157 1181 1176 ¹

56 1240 112 1300 que
130 1221 212 1282 urb&
228 1223 583 1300 praeimminentis,
601 1225 757 1302 salutiferis
774 1230 880 1318 dicatus
899 1238 1059 1316 suppeditat
1076 1243 1160 1306 index
1254 1269 1261 1282 ·

57 1313 221 1376 Oreliianus
240 1323 280 1381 to.
293 1323 324 1393 ²,
342 1337 374 1395 p.
384 1319 452 1379 496.
491 1320 613 1380 Carnam
631 1325 799 1402 appdlatam
820 1339 913 1388 narrat
929 1331 1088 1394 Macrobius
1105 1347 1158 1400 sat.

57 1413 88 1484 1,
108 1413 157 1479 12,
173 1412 276 1486 p.173
297 1410 362 1488 quia
384 1411 512 1472 uitalibus
530 1413 656 1488 humanu
681 1418 801 1496 praesit,
824 1421 946 1483 iecinora
969 1434 999 1484 et
1022 1429 1107 1496 corda
1129 1439 1159 1492 et
1228 1415 1232 1424 ¹
1304 1409 1308 1418 ι

57 1503 168 1560 ubeera
187 1503 266 1561 salua
285 1515 442 1581 mmeroet,
461 1509 567 1585 templo
586 1517 695 1568 auctam
715 1529 733 1568 a
749 1511 838 1573 Bruto
857 1525 922 1594 post
939 1528 1049 1581 exactos
1066 1541 1158 1603 reges,

55 1596 166 1674 quippe
192 1595 308 1656 cordato
322 1594 454 1658 bomine.
492 1598 604 1676 Duplex
623 1602 770 1680 originalia
793 1626 860 1669 num
877 1610 1010 1698 Varronis
1033 1632 1094 1676 esse
1113 1617 1158 1676 ui-

58 1689 178 1764 deatur,
200 1687 305 1748 inutilis
324 1687 398 1748 foret
416 1693 551 1769 quaestio.
581 1694 703 1756 Grauius
722 1705 780 1771 est,
804 1699 879 1777 quod
899 1701 1018 1765 Ouidius
1037 1707 1158 1772 Carnam
1213 1768 1224 1782 Α

54 1781 186 1861 appellat
203 1791 234 1842 et
253 1781 409 1859 Cardeam,
427 1782 465 1847 sr.
483 1787 521 1860 7,
539 1787 661 1865 explieat
679 1793 846 1870 u.101sq.,
866 1798 932 1856 127.
970 1798 1091 1862 Dubium
1111 1806 1175 1866 uix.

55 1887 111 1948 ert,
130 1877 200 1954 quin
213 1874 338 1955 prudeus
351 1878 440 1936 sciens
454 1875 499 1936 lric
515 1899 627 1959 quoque
643 1883 719 1962 uulgi
733 1902 856 1946 errorem
868 1897 979 1947 secutus
997 1890 1049 1968 sit3
1068 1914 1156 1973 quae·

53 1971 127 2030 titur
143 1977 249 2038 autem,
267 1977 359 2027 utrum
378 1970 408 2028 in
428 1987 470 2046 re,
490 1988 526 2028 an
545 1973 708 2034 innomine.
738 1975 868 2058 Namque
885 1981 945 2040 fieri
962 1981 1090 2044 facillime
1103 2007 1156 2068 po·
1221 2041 1222 2054 ,

55 2065 120 2138 tuit,
140 2069 175 2122 ut
194 2061 291 2120 eadem
309 2061 364 2121 dea
385 2081 441 2120 non
462 2063 546 2124 modo
566 2065 704 2143 Cardeae,
723 2069 773 2128 sed
792 2071 875 2130 etiam
889 2073 1027 2138 Caudinae
1044 2082 1156 2142 nomine

55 2163 285 2230 consecraretur,
307 2171 342 2216 uc
365 2153 467 2214 deinde
483 2159 582 2236 populi
607 2177 656 2218 ore
671 2161 711 2219 in
731 2163 853 2239 Carnam
871 2165 968 2229 abiret.
1007 2169 1156 2241 Nilrilbac

53 2258 136 2329 parte
154 2247 269 2308 definio.
310 2247 414 2308 Verum
439 2264 502 2306 cum
527 2269 556 2310 u.
577 2254 634 2313 10⁷
660 2253 736 2330 quod
759 2255 844 2334 uulgo
866 2256 1027 2339 legebatur,
1047 2264 1156 2328 Creone

53 2339 101 2404 uel
122 2345 242 2404 Croeso
260 2340 355 2400 umora
372 2343 495 2420 priores,
515 2342 544 2401 id
562 2353 708 2422 acceptum
728 2356 772 2407 est
789 2367 841 2426 pro
860 2348 943 2411 docta
961 2354 1155 2422 obseruatione

54 2436 170 2500 ubalde
190 2443 220 2495 et
240 2435 385 2511 Hartungo
405 2439 434 2510 2,
456 2454 487 2512 p.
501 2439 576 2512 228,
599 2454 701 2514 magna
718 2437 788 2498 baec
806 2451 849 2501 est
866 2445 1035 2524 simplicitas.
1067 2453 1165 2518 ,Solet

56 2529 179 2592 oudino
205 2527 325 2587 maiores
348 2528 542 2606 interponere,
568 2530 676 2610 quoties
700 2532 766 2611 quid
790 2554 846 2596 nou
871 2539 1016 2602 iuueuuste
1034 2546 1086 2606 sibi
1103 2567 1154 2624 ex·¹

52 2624 220 2702 ωψίιο
243 2621 319 2680 meua
341 2629 397 2680 est:
423 2621 487 2680 uide
507 2629 537 2698 1,
556 2629 629 2701 1033
643 2631 679 2701 2,
698 2627 772 2703 598;
791 2631 822 2704 t,
841 2635 907 2693 329.
947 2634 986 2694 Vt
1009 2637 1038 2696 in
1056 2639 1151 2716 Flora,

51 2735 188 2796 graecum
206 2713 320 2792 aliquod
338 2732 438 2774 nomen
458 2717 658 2794 requirebatur,
678 2720 753 2797 quod
766 2721 803 2782 ad
821 2743 967 2792 romanum
984 2739 1013 2790 et
1027 2731 1152 2796 fabulam

53 2809 217 2888 quadraret.
256 2796 409 2885 Κρανάην
432 2807 484 2868 stab
506 2829 575 2890 mapa
597 2812 682 2872 lutera
706 2833 734 2872 a.
750 2818 804 2877 125
828 2837 884 2878 non
907 2823 981 2882 male
1004 2829 1150 2888 conuenite
1224 2853 1228 2862 ·

51 2895 204 2982 Κραναὸς
222 2911 298 2962 certe
316 2911 399 2960 notus
418 2909 478 2976 est,
496 2921 549 2962 nec
567 2905 628 2964 libri
647 2906 829 2968 aduersautur
847 2931 895 2970 nu.
910 2918 975 2987 107,
989 2921 1055 2980 151.
1093 2919 1152 2982 Fa.

52 2998 120 3056 b‘ula
142 2997 252 3056 desumi
276 2996 413 3075 potuisset
438 3015 456 3054 a
479 2996 797 3074 Britomarti,¹.Bausan.
819 3009 849 3078 2,
870 3008 918 3082 30,
943 3027 1015 3087 quae
1033 3020 1151 3076 matrem

51 3089 150 3150 babuit
169 3090 307 3164 Carmen,
327 3098 440 3148 atauum
459 3090 671 3151 Carmanorema
696 3092 732 3152 ad
752 3095 971 3158 emendationem
989 3102 1053 3162 binc
1070 3105 1151 3166 insti-
1202 3171 1205 3183 ,

51 3182 188 3242 tuendam
200 3180 296 3241 deerat
309 3182 375 3241 mibi
394 3183 549 3262 exemplum
562 3186 622 3244 eius
636 3188 838 3247 mensuetudinis
857 3191 884 3248 in
901 3191 1047 3272 femininis,
1066 3217 1150 3277 quam

51 3276 81 3334 iu
108 3275 265 3336 masculinis
291 3275 463 3335 illustrarunt
488 3276 663 3338 Burmannus
686 3279 724 3338 ad
748 3278 805 3340 Ou.
830 3284 860 3358 6,
880 3285 937 3344 235
963 3295 992 3346 et
1015 3289 1150 3356 Vaassen.
1196 3283 1198 3292 ’

50 3367 195 3428 minoda
214 3388 247 3448 p.
255 3369 322 3430 358.
358 3369 513 3430 Potuerunt
531 3379 623 3432 manen
642 3372 753 3431 nomine
771 3374 799 3431 in
817 3375 911 3438 sabula
930 3380 1041 3443 uariari.
1064 3361 1149 3458 ‘Cae-
1166 3393 1168 3400 ’
1186 3373 1210 3461 Ἰ
1252 3426 1280 3444 ,.

51 3471 143 3520 terum
162 3459 201 3522 de
226 3461 295 3522 leno
320 3464 553 3524 narratiunculam
578 3463 653 3542 apud
672 3465 825 3526 Varronem
850 3489 906 3530 non
929 3475 1049 3537 extitisse
1073 3482 1149 3540 teot'u

51 3565 96 3612 est
114 3556 286 3632 Augustinus
301 3557 378 3628 me
399 3561 443 3616 llo
460 3561 533 3618 Iuno
552 3557 658 3636 quiden
675 3577 731 3618 mou
748 3561 816 3622 rodei
835 3563 919 3637 {amb
937 3572 1081 3648 quoquam
1098 3594 1148 3634 ορ.

50 3651 154 3720 mou,
179 3647 251 3726 qood
270 3649 309 3734 ud
325 3649 456 3729 probatum
473 3653 617 3730 pertimui.
654 3652 902 3718 Grammaticorum
922 3680 974 3738 pro
994 3676 1149 3726 commento

50 3738 181 3816 mooun,
199 3742 347 3820 sillygino
366 3754 415 3804 aut
430 3744 551 3820 Didymo
570 3752 619 3804 aut
636 3745 683 3806 alii
700 3748 766 3808 satis
785 3750 821 3808 ad
841 3753 906 3811 talia
925 3755 1026 3833 ingenii
1045 3760 1149 3820 tribue·
1260 3751 1261 3754 '

53 3833 109 3894 risa
127 3852 183 3912 ego
201 3833 371 3916 Ouidianum
389 3838 525 3898 existimo.
620 3901 622 3906 ,

133 3927 228 3992 Venio
252 3947 329 3989 nunc
353 3929 389 3988 ad
414 3932 504 4010 ipsum
529 3932 598 3992 illud
620 3931 735 3994 alterum
761 3952 847 4013 genus
865 3935 980 3999 deorum
998 3951 1148 4022 certorum,
1190 4016 1193 4024 Ι

52 4021 133 4080 onius
150 4023 296 4101 proprium
310 4033 353 4082 est
370 4023 493 4084 fabulam
508 4025 622 4096 babere,
640 4024 690 4084 sed
708 4026 859 4106 simplicem
877 4049 929 4092 uec
946 4034 1074 4114 ambigue
1091 4047 1148 4096 tra·

56 4110 162 4190 allum,
188 4122 249 4176 tum
272 4118 384 4178 nomina
408 4117 568 4194 aliusmodi,
593 4135 677 4197 quam
701 4118 769 4180 deos
790 4122 1067 4202 indigitamentorum.
1112 4129 1150 4188 Hi

57 4208 174 4272 Mine
191 4216 224 4270 et
238 4208 395 4280 amandum,
409 4209 538 4274 Seruium
557 4210 594 4274 fu.
614 4218 631 4274 1
650 4213 703 4275 soli
720 4211 884 4278 dirimuntur
901 4220 937 4286 in.
949 4227 1102 4282 oobuuuttes
1119 4229 1149 4282 et

847 4309 878 4370 N
894 4317 916 4372 2
