2688 4680
186 334 301 392 ooxxx
403 387 416 415 ,ἣ
661 331 706 382 nn
728 329 802 382 narr

184 487 260 552 modi
277 487 325 547 illa
342 483 412 562 init,
430 479 506 565 apud
524 484 706 560 Lactantrl,
723 486 772 560 14,
791 483 841 546 aad
860 483 897 545 da
915 484 1001 546 moria
1019 485 1204 565 popularibur
1224 486 1289 566 agi-

184 595 240 645 tur.
277 581 352 640 Fieri
369 578 473 659 potuit,
491 587 523 638 ut
542 597 616 640 anno
632 577 672 641 V.
687 580 722 640 C.
735 580 793 639 555
811 597 847 638 ex
864 579 972 638 monitu
990 580 1123 638 librorum
1136 580 1289 658 Sibyllino·

185 691 259 750 ram,
278 685 350 753 quoa
365 672 403 731 <le
417 671 541 731 Saturno
560 673 649 750 agione
667 672 750 732 docet
764 673 929 732 Clanreniur
946 691 977 752 p.
987 677 1047 732 210
1061 689 1141 750 ann,
1157 692 1290 734 nonaum·

186 775 311 830 rnaretur
329 768 429 846 graeca
447 765 546 826 borum
564 784 705 826 aaororam
724 765 824 837 forma,
841 767 905 826 Lin.
926 772 1022 842 22,1,
1042 776 1191 845 postqum
1213 787 1290 828 anno

184 863 255 937 257,
274 859 339 920 Liu.
351 867 382 936 2,
394 865 445 938 21,
462 860 577 936 Dionyr.
592 863 665 936 6,1,
685 868 767 918 aucta
785 861 840 919 ianr
854 870 912 919 ertr
930 859 980 920 aed
999 861 1061 918 ariri
1079 861 1190 938 nequit,
1207 879 1292 920 num·

185 953 253 1034 quid
274 955 303 1012 in
322 956 410 1014 ueteri
427 953 543 1014 Saturni
562 954 637 1012 cuitu
660 953 800 1013 eiusmodi
825 953 929 1031 inerit,
954 951 1030 1032 quod
1048 952 1169 1012 traditur
1187 973 1291 1032 graeoo

186 1047 243 1106 ritu
256 1049 349 1130 rapite
366 1057 464 1127 aperto
477 1049 503 1106 ei
517 1046 678 1122 oamifioari,
697 1043 774 1106 Feat.
788 1065 818 1126 p.
828 1051 897 1122 122,
907 1051 944 1102 32
955 1046 1033 1106 dext.
1052 1049 1160 1123 pota,
1170 1050 1190 1106 6
1201 1047 1292 1120 dext,

186 1144 270 1204 Seru.
287 1145 356 1201 Aen.
371 1146 402 1217 5,
417 1144 486 1215 407,
504 1137 630 1200 Maerob.
650 1149 703 1198 eat.
720 1145 749 1216 1,
763 1144 792 1212 6,
813 1159 884 1200 uror
903 1138 966 1218 Ops
984 1139 1082 1214 initae,
1100 1138 1193 1200 Varro
1211 1141 1251 1203 da
1269 1143 1290 1201 Ι.

185 1232 206 1296 l.
221 1233 252 1311 5,
265 1234 315 1310 57,
332 1235 457 1292 Macrob.
477 1243 529 1294 sat.
544 1240 574 1310 1,
589 1239 637 1311 10,
657 1234 767 1294 uincula
786 1235 868 1293 lanea
885 1233 1000 1311 dempta
1019 1233 1082 1290 eiua
1098 1233 1186 1312 feriis,
1205 1237 1291 1295 Verr.

186 1327 282 1386 Flano-
302 1325 378 1406 apud
396 1326 485 1386 Maur.
506 1345 530 1387 a.
551 1333 581 1405 1,
599 1331 630 1404 8,
650 1328 754 1386 Arnob.
774 1329 805 1402 4,
817 1329 858 1387 24
876 1335 906 1385 et
924 1345 1069 1385 neruorum
1088 1327 1199 1405 epulae.
1240 1329 1292 1387 Vi·

186 1420 312 1495 «lemur,
332 1419 398 1498 qnid
418 1437 520 1480 causae
537 1421 566 1480 in
585 1423 696 1500 reliquia
712 1421 903 1496 Romanorum
918 1419 1033 1479 Saturni
1050 1421 1137 1502 morio
1155 1413 1240 1481 inerit
1253 1421 1291 1480 ad

186 1513 365 1573 amnuendar
384 1531 497 1591 graecae
516 1515 567 1573 baa
585 1516 801 1594 superstitiones.
820 1515 933 1580 ,Deum
951 1513 1119 1572 Sabinorum
1134 1514 1289 1574 Saturnum

185 1606 280 1670 tacere
300 1606 429 1665 uidentur
447 1608 536 1666 Varro
556 1608 592 1668 de
611 1610 630 1668 l.
651 1609 671 1667 1.
691 1610 722 1684 5,
741 1610 790 1684 74,
814 1608 930 1682 Dionyp.
956 1606 1023 1665 llal.
1043 1611 1075 1681 2,
1094 1608 1135 1666 50
1152 1618 1182 1668 at
1200 1611 1292 1666 nomi·

130 1685 135 1700 '
186 1701 230 1760 nir
257 1701 412 1762 terminatio
439 1702 570 1762 conuenit
595 1719 658 1760 oum
687 1699 793 1780 aliquot
818 1687 1089 1776 indigitamentorum
1114 1701 1292 1762 numinibu'rr

187 1802 265 1853 recta
282 1795 365 1872 igitur
382 1794 450 1852 iecit
469 1795 578 1870 Varro,
603 1793 679 1872 quod
698 1795 735 1853 rie
752 1795 854 1872 prioris
872 1794 997 1870 tyllabno
1014 1792 1169 1870 significata
1189 1797 1291 1874 anqrri·

186 1889 262 1966 uiuit,
282 1903 449 1972 quamquam
463 1903 565 1947 nerum
584 1900 649 1946 euru
669 1905 726 1946 aon
744 1887 883 1946 inuenirre
903 1887 986 1961 bene,
1007 1895 1039 1944 ut
1056 1893 1137 1964 puto,
1156 1885 1292 1946 iudicarit

188 1977 353 2040 Ciauoeninr
371 1997 400 2060 p.
412 1983 480 2043 666.
518 1977 576 2038 Seri
595 1979 723 2061 displicet
741 1981 823 2040 otiam
843 1978 1125 2056 buiur.uerlloquium
1145 1995 1163 2037 a
1181 1983 1293 2042 rami-

188 2079 255 2146 160,
274 2074 340 2154 qnia
356 2073 442 2152 dapar
460 2072 525 2132 illae
539 2073 702 2134 Saturnalea
721 2091 788 2134 num
806 2074 872 2132 ratio
891 2082 1019 2132 uetrutae
1035 2072 1101 2146 rint,
1119 2072 1292 2150 ignoramur.

188 2171 320 2241 Quanam
337 2169 422 2248 igitur
440 2181 489 2244 re,
514 2183 589 2247 quae
614 2182 714 2246 graeca
740 2185 797 2228 non
821 2167 872 2238 rit,
898 2167 947 2226 illa
964 2165 1139 2225 Varroniano
1157 2165 1295 2244 allegoria

187 2263 466 2344 apud‘Auguatinum
485 2265 515 2338 7,
535 2265 573 2321 19
597 2257 712 2324 nitituri
739 2269 771 2321 ut
789 2261 908 2341 opinor,
932 2257 1021 2336 fulua,
1045 2275 1122 2339 quae
1140 2257 1240 2319 ibidem
1259 2272 1295 2322 et

187 2355 265 2436 apud
284 2355 435 2416 Arnobium
455 2356 485 2431 6,
497 2356 547 2432 25,
566 2357 682 2416 Ferrum
700 2375 730 2436 p.
741 2355 809 2431 525,
822 2357 842 2414 o
853 2355 918 2430 rim,
936 2353 1062 2415 Maorob.
1081 2354 1212 2426 rat.1,7
1230 2353 1294 2414 deo

188 2448 328 2509 tribuitur.
368 2447 447 2507 liaeo
466 2448 599 2527 explicari
617 2451 709 2529 potuit
726 2447 763 2510 de
780 2439 924 2528 openivp
943 2447 1042 2523 Croni,
1061 2446 1182 2506 Pauran.
1196 2447 1295 2524 7,2Ξ,

55 2555 61 2562 ·
188 2539 222 2616 4,
241 2539 278 2599 de
297 2539 481 2617 agricultura,
506 2541 548 2602 *uu
567 2559 585 2601 a
603 2539 731 2602 Varrone
749 2541 853 2602 laetum
872 2551 915 2600 ert
934 2539 1148 2602 mentientibus
1166 2538 1295 2617 reliquia,
1342 2545 1343 2622 g

189 2652 261 2712 quor
279 2633 375 2711 posui,
396 2633 517 2712 denique
536 2633 572 2693 de
590 2633 759 2693 oolluonndir
778 2635 940 2709 arboribus,
960 2643 1044 2715 prout
1062 2633 1099 2691 alr
1119 2633 1240 2692 Arnobio
1259 2637 1295 2710 6,

169 2733 227 2789 -12
246 2745 389 2790 rumorum
407 2726 550 2804 uolutant,
575 2744 592 2786 a
611 2726 755 2787 llacrobio
774 2729 947 2788 surculorum
966 2743 1170 2806 pomorumque
1186 2725 1297 2784 eduna-

189 2829 235 2881 tor
253 2818 363 2882 dicitur.
393 2821 482 2882 Huius
497 2828 655 2902 postremae
668 2821 805 2899 opinionir
826 2822 930 2882 nullam
948 2820 1076 2880 inuenire
1094 2835 1206 2878 tauram
1224 2838 1297 2897 por·

189 2914 239 2989 rie,
258 2913 310 2971 niri
328 2912 420 2990 potita
438 2914 523 2974 suerit
543 2914 571 2972 in
590 2915 766 2978 reconditiori
785 2916 903 2976 nominia
921 2913 1087 2991 significatu,
1106 2912 1190 2970 immo
1210 2921 1297 2970 netu·
1341 2981 1342 2992 ,

189 3008 268 3070 ttiori
288 3007 346 3066 eiur
365 3007 471 3083 forma,
498 3025 581 3087 quam
601 3007 689 3068 latere
708 3008 834 3085 aurpioor
853 3006 928 3086 apud
947 3004 1028 3065 Paul.
1049 3005 1129 3068 Diae.
1148 3023 1178 3084 p.
1190 3009 1299 3081 323,ss

189 3111 219 3161 et
238 3102 352 3161 Fetlum
371 3095 540 3180 p.325,'16
556 3103 608 3161 εἰη.
647 3102 745 3164 Priore
769 3102 830 3162 looo
856 3119 919 3160 eum
944 3097 1033 3157 roriex
1050 3098 1128 3176 Lipn.
1147 3106 1176 3158 et
1194 3100 1296 3162 naor.

190 3190 314 3255 babeant
332 3197 508 3270 autumer,
532 3195 660 3257 meliores
686 3214 742 3254 non
762 3196 846 3272 longe
864 3193 991 3267 dineraa,
1017 3191 1169 3252 adiuuante.
1193 3191 1299 3252 ordina

191 3289 378 3368 proximorum
398 3289 612 3364 uocabulorum,
633 3307 751 3366 quorum
771 3291 860 3371 prima
878 3285 985 3362 syllaba
1006 3296 1049 3345 eet
1067 3287 1141 3359 Sur,
1158 3287 1299 3346 emenda·
1340 3355 1341 3358 p

64 3371 69 3382 ’
189 3381 278 3438 nerim
297 3383 468 3445 Hortamur
491 3399 509 3442 a
532 3381 687 3461 torpendo,
712 3381 788 3444 Fert.
808 3400 837 3460 p.
853 3383 989 3455 322,10,
1017 3379 1092 3438 unda
1116 3379 1201 3438 etiam
1222 3398 1299 3440 our-
1340 3393 1341 3416 ¹

189 3479 296 3549 muto,
315 3481 431 3534 aorturo
449 3475 524 3554 apud
544 3475 615 3536 Plin.
637 3487 695 3534 nat.
715 3474 778 3536 bist.
799 3479 847 3549 16,
862 3476 900 3532 67
920 3483 949 3534 et
966 3473 1087 3533 fortasse
1105 3474 1197 3534 nortio
1214 3475 1298 3551 apud

189 3567 306 3627 Festum
323 3567 460 3626 dicuntur.
490 3569 598 3630 Littera
616 3585 633 3629 r
652 3578 717 3627 ante
735 3567 754 3629 (i
773 3579 849 3627 certe
867 3569 934 3628 elisa
953 3577 997 3626 ant
1014 3567 1045 3654 in
1061 3563 1154 3636 iutioa‘,
1172 3567 1242 3644 pror
1258 3591 1301 3630 ==

191 3654 305 3738 πέρδω.
342 3661 448 3720 Luoam
466 3661 559 3735 saorra
577 3664 702 3723 flmurao
725 3661 792 3740 quid
817 3670 905 3736 esset,
930 3661 1007 3721 uarie
1031 3660 1209 3736 interpretati
1228 3673 1303 3721 aunt

169 3757 171 3764 '
191 3754 377 3832 grammatioir
403 3758 499 3833 cupito
519 3753 638 3831 detonare
655 3755 758 3816 Paulus
778 3773 807 3836 p.
826 3757 957 3829 110,11,
980 3757 1072 3832 graeei
1094 3753 1200 3812 oraculi
1218 3755 1303 3812 rimi·

191 3846 247 3910 len
274 3849 358 3907 arrone
371 3846 456 3905 lnriir
475 3847 553 3908 Elicii
580 3849 758 3909 euitationem
776 3848 934 3906 Macrobius
953 3860 1006 3910 rat.
1028 3854 1056 3920 1,
1072 3852 1091 3906 7
1109 3848 1169 3906 niue
1189 3847 1305 3910 Varro.

191 3939 276 4004 Latet
294 3942 452 4020 superstitio
471 3959 586 4002 romana
604 3951 722 4023 propter
740 3939 857 4003 deorum
877 3951 982 4002 certam
1002 3949 1168 4022 potestatem
1189 3959 1306 4000 novur-

190 4026 301 4110 νύμως
319 4034 467 4114 oporandir
495 4034 549 4096 dea
567 4035 680 4110 Mania,
699 4035 832 4114 Rubigo,
852 4036 960 4093 Lucina
980 4035 1062 4108 (ooli.
1083 4047 1149 4094 met.
1169 4036 1202 4108 9,
1215 4039 1307 4112 298)
1338 4067 1339 4124 p

190 4128 272 4190 facile
286 4130 413 4207 exempla
427 4128 620 4208 suppeditant:
642 4129 780 4188 Saturnus
794 4147 875 4200 uero,
892 4130 933 4189 uti
947 4129 1013 4200 dixi,
1031 4127 1195 4188 oobuonoda
1207 4147 1307 4206 praa·
1338 4128 1339 4149 ¹

139 4219 146 4270 ἑ
191 4225 261 4285 'trab
299 4223 377 4286 onr
395 4223 455 4284 eiua
475 4223 674 4299 uetustiarirna,
702 4220 755 4284 boo
773 4233 833 4298 eat,
857 4240 930 4305 quae
950 4225 978 4284 in
998 4222 1209 4304 indigitamentis
1229 4242 1309 4288 cum
