2678 4668
197 305 326 356 uxxvs
556 301 708 376 aternus.
731 295 938 368 osamurcvs

275 457 405 518 uranus
424 451 462 514 nd
480 452 637 538 tabularnsn
663 452 909 522 astronomicarum
928 457 1071 526 sudore,
1097 467 1169 530 quas
1185 457 1293 520 mulus
1325 533 1326 540 ἵ

198 549 260 612 sne
277 547 405 609 uidentur
419 544 547 608 Ouidius.
584 547 644 606 Hac
662 548 690 606 in
708 565 740 606 re
754 563 810 606 nou
830 555 874 606 est
885 545 1022 624 propositi
1039 544 1094 604 ruei
1112 543 1196 604 telnrn
1215 563 1293 623 egre·

15 617 26 633 ¹
75 689 80 702 ,
198 645 245 724 g'e
263 642 414 702 institutam
433 657 485 718 per
499 639 673 700 Odoireduns
687 639 852 700 Muellerum
873 638 962 696 uirum
981 638 1167 716 perillustresn
1184 637 1213 694 in
1232 657 1294 714 psa·

198 737 272 815 legg.
285 732 401 811 mythol.
422 750 451 811 p.
465 733 631 794 rur-205
650 734 686 794 ab
704 731 950 792 alexandrinorum
969 729 1054 793 initiis
1072 747 1122 809 per
1138 732 1296 808 grsmmetia

197 848 293 890 corunr
312 827 501 886 Rornanorum
527 838 654 904 tempora
677 825 714 884 ad
733 844 782 886 ecs
801 842 889 905 usque
906 833 1035 884 auctores
1051 822 1226 902 perducere,
1250 825 1298 903 qui,

196 921 332 1001 pcdssiml
348 917 384 983 dt
402 937 438 978 eo
456 929 619 998 argumento
637 928 756 994 restam,
776 917 1053 994 Pseudo-Hyginum
1071 926 1101 975 et
1119 917 1296 995 interpretem

196 1017 361 1074 Arateorusn
386 1012 495 1074 Claudii
519 1014 697 1074 Germanicis
720 1012 787 1091 quin
812 1030 849 1072 ne
874 1011 912 1071 de
935 1011 989 1070 illis
1014 1009 1125 1087 quidem
1149 1009 1235 1078 lanius
1255 1019 1297 1070 est

195 1105 251 1166 loci
268 1123 405 1186 quaerere
424 1109 470 1166 uel
489 1107 631 1187 disputare
649 1107 800 1188 uerbosius.
839 1104 885 1164 De
903 1105 1014 1181 Hygino
1032 1103 1061 1162 in
1079 1101 1295 1170 Eratostirenicis

195 1219 228 1279 p.
240 1202 297 1258 129
315 1218 378 1278 sqq.
404 1199 642 1277 aBerulrardyu‚
668 1219 698 1259 u.
723 1200 771 1274 ol.,
791 1197 939 1256 iudicatum
958 1205 1000 1255 est
1017 1196 1181 1260 doctissime.
1222 1197 1296 1258 Con·

196 1295 338 1369 iecturee,
357 1291 392 1350 C.
407 1291 468 1352 iulii
487 1293 589 1369 Hygini
606 1292 710 1370 scripta
728 1300 836 1350 retexta
856 1307 916 1350 asse
933 1306 952 1347 s
970 1288 1105 1366 sequioris
1122 1291 1187 1348 aeui
1206 1309 1296 1368 gran·

102 1451 105 1471 Ι
195 1387 316 1462 medem
334 1385 454 1445 fortune
472 1385 591 1460 accedit,
609 1403 665 1444 non
685 1383 840 1444 detrahitur
857 1381 962 1462 aliquid
982 1381 1182 1460 probabilitatis
1200 1401 1237 1442 ex
1254 1384 1295 1442 ln·

164 1462 167 1470 ’
195 1487 281 1563 uuas
299 1479 336 1538 aa
353 1480 426 1557 sug.
444 1477 520 1536 urio
538 1479 604 1537 aaa
623 1477 763 1551 unctura,
782 1478 834 1536 suu
852 1474 952 1534 auem
971 1485 1065 1534 rames
1077 1477 1197 1542 *nonus
1217 1475 1295 1534 sua·

175 1570 180 1588 ’·
194 1571 285 1634 larum
303 1580 488 1649 syntagmate,
507 1572 588 1632 class.
601 1581 677 1632 auct.
695 1589 712 1631 e
730 1568 812 1628 codd.
831 1569 897 1628 Vct.
917 1579 958 1627 to.
972 1572 1002 1643 3,
1021 1567 1080 1632 uid.
1098 1567 1192 1646 praef.
1212 1588 1241 1648 p.
1249 1587 1294 1639 νος

195 1681 266 1723 rurs
291 1674 385 1724 tamen
409 1664 509 1724 mirum
534 1676 577 1724 est
601 1665 662 1724 lieri
676 1679 821 1744 ‘nusquam
843 1662 945 1740 Hygini
969 1661 1101 1738 librorum
1117 1663 1296 1740 mentionem,

195 1757 272 1816 uude
295 1758 343 1816 illa
368 1755 617 1836 iarrugornnfieri
642 1757 774 1836 potuerit.
823 1755 884 1814 Nisi
911 1755 986 1814 sorte
1008 1771 1044 1812 ex
1074 1755 1296 1833 genealogiarum

194 1849 273 1908 libris
293 1869 364 1908 unus
382 1849 441 1914 suit
454 1850 490 1910 de
507 1849 617 1910 tsniiis
636 1849 779 1925 Troianis,
799 1849 857 1910 uid.
876 1851 983 1908 astrum
1001 1857 1079 1926 poet.
1098 1865 1125 1908 ο.
1139 1853 1231 1927 12·‚p.
1242 1851 1295 1907 itt

194 1942 288 2016 Stsu„
306 1944 390 2004 Seru.
409 1942 536 2008 adden
555 1944 585 2014 d,
598 1945 664 2002 ³89.
701 1943 747 2002 De
766 1944 919 2021 interprete
937 1941 1023 2002 latino
1043 1941 1119 2001 Arati
1137 1943 1244 2017 nescio,
1262 1961 1295 2002 sn

194 2053 278 2096 neruo
302 2037 395 2096 adlruc
419 2037 592 2114 inquisluerit
608 2045 729 2115 praeter
751 2035 896 2094 Danielem
923 2033 1043 2093 Paruum
1067 2033 1141 2094 Plril.
1159 2034 1194 2102 i..
1221 2037 1297 2097 auus

153 2183 156 2195 .
193 2129 369 2210 pereruditus
388 2131 600 2190 commentarius
627 2130 663 2188 ab
690 2129 773 2208 ipsius
797 2145 882 2188 manu
900 2129 1019 2206 scriptus
1037 2136 1164 2190 seruatur
1182 2129 1213 2188 ln
1234 2131 1295 2192 bibl.

195 2241 255 2301 reg.
273 2223 369 2288 llsrol.
388 2225 466 2292 inter¹
483 2243 549 2284 rnss.
568 2223 649 2284 Dies.
668 2225 698 2282 4.
718 2227 784 2283 1³³.
832 2221 886 2280 Hic
908 2220 1005 2280 isidori
1031 2221 1204 2298 Hispalensis
1231 2222 1300 2283 illud.

194 2317 359 2396 opusculum
374 2335 435 2378 esso
454 2319 569 2394 censuit,
588 2327 705 2398 propter
722 2313 859 2376 scribendi
877 2333 965 2392 genus
980 2315 1168 2394 potissirnnurs
1189 2313 1296 2394 dequo
1327 2373 1328 2398 y

194 2404 309 2468 difficile
327 2418 371 2468 est
387 2409 529 2486 iudicare,
553 2429 616 2470 curn
635 2422 764 2489 apertum
782 2410 817 2468 rit
835 2407 954 2482 Aldorn,
982 2408 1030 2486 qui
1048 2408 1153 2488 primus
1171 2407 1203 2468 id
1222 2427 1297 2470 οοοο-

194 2506 327 2576 macru,
347 2510 378 2558 ut
395 2502 445 2576 ait,
463 2520 551 2580 stupet·
568 2505 598 2562 ior
613 2503 714 2563 Sicilia
730 2509 868 2582 reperim
885 2518 961 2560 enno
981 2503 1056 2560 1499
1073 2500 1164 2560 torna
1179 2504 1298 2562 ωοιὶιοο

177 2611 253 2664 ,uns
271 2611 335 2652 cuns
357 2593 496 2668 Histrico,
513 2593 645 2671 Manilio,
664 2601 768 2671 srsro,
788 2595 846 2654 eliis
865 2593 968 2669 edidit,
988 2594 1076 2652 multa
1093 2604 1228 2668 mutasse,
1248 2613 1299 2654 en-
1327 2619 1328 2622 ¹

195 2687 328 2768 pleulsre,
346 2685 492 2763 leuigasse.
530 2686 602 2745 Vtor
619 2689 693 2746 enirn
712 2685 875 2766 apograplro
890 2687 949 2747 eius'
968 2688 1054 2747 libelli
1071 2696 1156 2767 prout
1173 2697 1254 2770 estat
1270 2688 1298 2746 in

197 2777 295 2838 codice
307 2778 455 2840 Par-islensi
469 2779 535 2842 olim
549 2779 705 2856 istesso,
724 2783 772 2859 qui
784 2781 886 2841 sseurli
901 2783 965 2840 noni
981 2780 1081 2841 dicitur
1093 2797 1155 2842 esse
1169 2781 1198 2838 in
1213 2780 1297 2844 catal

195 2873 263 2932 bibl.
283 2890 344 2950 reg.
363 2881 402 2932 to.
422 2877 440 2931 ³
459 2875 563 2952 parm
581 2876 681 2952 p.¹l20
710 2894 756 2934 οο.
767 2877 862 2934 tusus
880 2885 993 2960 praetep
1010 2875 1050 2932 ibi
1068 2872 1190 2932 indicate
1208 2875 1298 2934 conti·

79 2967 85 2976 '
137 3042 141 3048 Ι
195 2975 245 3026 net
262 2965 346 3026 etiarn
360 2965 436 3024 Arati
456 2975 486 3030 et
503 2966 563 3025 eius
576 2966 742 3028 scholiorum
757 2969 911 3028 sessionem
931 2970 1043 3028 latinum
1061 2967 1156 3044 ignoto
1170 2976 1298 3042 audere,

195 3059 234 3120 de
252 3078 309 3140 qus
327 3077 359 3120 re
376 3059 505 3119 Heinsius
530 3060 559 3119 in
585 3061 692 3139 sylloge
714 3079 781 3140 epp.
800 3064 831 3139 4,
850 3081 881 3141 p.
893 3063 968 3138 θύος
995 3062 1023 3120 in
1043 3059 1100 3118 line
1122 3058 1195 3137 disp.
1213 3057 1299 3126 Hun-

196 3153 271 3234 ckerr‘
286 3153 323 3212 de
339 3154 412 3244 Hyg.
430 3162 485 3214 oet.
502 3162 532 3212 et
548 3153 612 3214 stilo
630 3173 721 3214 sernro
740 3157 799 3216 eius
817 3157 890 3216 male
908 3155 1063 3216 intellectus
1078 3148 1218 3216 redditura
1237 3151 1299 3230 ipse

196 3247 271 3306 enisa
289 3245 389 3306 codicis
407 3257 516 3325 partem
535 3247 655 3326 priorem
675 3249 854 3327 transcripsit.
892 3249 937 3308 Ex
954 3267 990 3310 eo
1012 3246 1107 3311 codice
1126 3265 1190 3306 curn
1207 3263 1299 3325 uppa-

196 3349 259 3400 rest
276 3338 366 3400 istunc
383 3339 483 3402 liburia
502 3341 581 3419 peius
599 3343 701 3414 etiem,
725 3359 809 3423 quesn
828 3343 1017 3420 Hyginisnos,
1040 3349 1174 3402 uexatum
1189 3357 1253 3402 use
1269 3349 1300 3398 et

196 3432 321 3514 limium
340 3448 358 3488 8
374 3433 569 3498 semibarbara.
582 3421 752 3506 inminibus*
766 3435 858 3494 οοοοίο
877 3445 986 3509 men,-
998 3454 1048 3494 cur
1059 3434 1199 3492 Lactantii
1216 3435 1299 3494 teeti·

195 3525 319 3588 monium
337 3526 527 3603 spernendum
541 3530 591 3604 sit,
610 3530 658 3607 qui
678 3530 839 3605 1,11,64,
858 3547 915 3607 quo
933 3530 963 3591 iu
981 3529 1044 3614 loco
1062 3545 1155 3606 neque
1173 3529 1204 3588 in
1221 3528 1299 3588 Bue-

196 3617 339 3693 cemanni,
359 3635 451 3696 neque
469 3623 497 3679 in
510 3617 629 3700 Sparlsis‘
641 3621 762 3688 editione
778 3622 926 3700 quicquam
938 3621 1067 3683 diuersae
1079 3621 1235 3700 scripturae
1245 3640 1300 3680 nn·

197 3720 323 3786 notatur,
346 3711 494 3775 (immons
510 3716 541 3776 ts
558 3714 650 3778 Λοοοο
668 3733 731 3796 νοω,
746 3715 857 3776 tradere
874 3715 951 3791 dicit,
973 3732 1048 3794 quse
1067 3714 1143 3792 apud
1160 3716 1300 3792 interpre-

90 3835 93 3843 .
196 3815 269 3875 tem,
295 3806 345 3884 qui
366 3816 499 3882 uocatur,
517 3805 678 3868 Germanici
704 3805 786 3868 lrodie
811 3817 897 3870 extat.
934 3807 1023 3866 Nouit
1048 3826 1116 3884 ergo
1135 3809 1300 3870 bematius

195 3895 271 3958 hunc
288 3899 479 3976 interpretem,
498 3915 551 3960 nec
565 3899 704 3962 diuersum
724 3903 761 3962 ab
778 3903 839 3978 ipso
854 3901 1022 3968 Germanico
1035 3901 1201 3962 existimauit
1220 3919 1299 3964 esses

195 4009 248 4050 nec
267 3992 351 4052 credo
370 3991 434 4052 lrsric
452 3995 606 4054 sententiae
623 3997 770 4078 qrsicquum
789 3997 910 4058 obtare.
927 4051 930 4058 ,
945 3995 1052 4070 Potuit,
1071 3995 1124 4058 nisi
1141 3995 1236 4066 ieilor,
1253 3993 1300 4054 iu·

195 4084 280 4148 uenili
298 4093 390 4149 aetate
407 4101 471 4144 cunr
498 4089 693 4164 grammaticae
718 4105 832 4168 opersrn
856 4089 936 4154 dares
953 4089 1136 4150 Germanicus
1153 4097 1184 4146 et
1201 4087 1300 4165 ligata,

195 4186 226 4238 et
250 4177 342 4239 soluta
366 4178 492 4244 oratioue
517 4181 633 4243 Aratum
658 4182 851 4274 interpretari,
876 4179 1101 4265 quauddqnidsus
1126 4190 1236 4244 usust
1261 4199 1301 4247 ex
