2636 4678
218 216 383 349 mtvrN
533 265 540 276 ’
618 295 750 346 ovmrvs
773 295 917 346 cnonrvu

219 450 300 534 lippi,
320 447 507 522 Euaemonis,
528 442 650 526 Caiippi,
670 447 831 528 Hipparchi,
851 445 971 526 Eudoxi,
990 447 1142 510 Metrodori
1160 451 1296 530 framenta

219 537 301 628 apud
314 545 478 614 Geminum,
504 541 714 616 Ptolemaeum,
733 541 842 618 Lydum
861 541 899 601 de
917 544 1075 618 mensibus,
1096 545 1221 603 Caesaris
1238 543 1313 628 apud

219 639 329 698 eosdem
349 646 377 694 et
395 633 512 694 Plinium
532 636 578 694 uel
593 635 783 706 Columellam,
802 635 934 694 Varronis
954 646 984 694 et
999 635 1102 713 Nigidii
1120 640 1220 716 passim
1238 637 1313 716 apud*

218 733 336 805 multos,
356 729 422 788 nihil
440 748 530 808 paene
549 738 665 808 prosunt
684 726 804 804 Ouidio,
824 731 875 788 nisi
895 729 1075 788 intercessore
1095 732 1148 789 isto
1170 719 1313 810 scriptore,

205 811 326 918 'quem'
318 843 372 882 ram
391 823 605 902 nuncupandum
624 840 686 881 esse
706 820 795 881 uideo.
834 816 920 881 Est
912 841 934 880 rs
955 811 1073 880 Clodius
1088 823 1216 899 Tuscus,
1239 813 1313 881 cuins

216 909 302 979 iastos
317 917 518 976 astronomicus
537 933 636 994 graece
657 915 694 973 ad
715 917 839 986 uerbum,
862 925 894 974 ut
912 917 960 990 ait,
981 915 1103 974 redditos
1122 917 1192 976 libro
1211 937 1256 976 suo
1273 903 1313 996 de}

216 1002 329 1072 ostentis
348 1011 461 1070 inseruit
477 1009 642 1068 Laurentius
658 1005 765 1084 Lydus,
785 1027 867 1086 quem
884 1009 983 1067 librum
1004 1027 1038 1066 ex
1058 1009 1153 1067 codice
1169 1001 1313 1080 Caseolinos

170 1117 174 1120 '
216 1105 303 1166 edidit
328 1105 398 1163 Ben.
420 1104 518 1161 Hasius
538 1101 654 1160 Parisiis
677 1103 762 1158 1823.
809 1101 852 1159 Ea
878 1103 938 1179 ips'a
964 1119 1030 1178 pars
1057 1104 1114 1160 eius
1139 1103 1219 1178 libri,
1243 1122 1313 1181 qnae}

215 1201 335 1259 maximo
355 1199 432 1256 nobis
451 1191 504 1254 fuit
524 1195 601 1269 usui,
621 1193 801 1270 iampridem
820 1204 886 1252 nota
907 1204 985 1267 erat,
1011 1189 1060 1252 sed
1079 1204 1237 1273 contempta
1253 1198 1301 1252 iure

215 1293 333 1366 iacebat,
353 1300 429 1348 certe
448 1288 485 1346 ad
504 1286 634 1345 Ouidium
655 1285 782 1345 conferre
801 1287 867 1346 nihil
888 1296 1015 1367 poteratr
1035 1287 1185 1347 Ptolemaei
1206 1291 1300 1346 diceba·

216 1397 261 1444 tur
280 1403 356 1459 esse3
383 1401 469 1460 quare
487 1381 593 1439 etiamsi
613 1381 756 1458 quiscum
777 1377 878 1438 Ouidio
898 1383 1075 1456 contulisset,
1095 1392 1170 1440 certe
1192 1401 1227 1440 ex
1244 1381 1313 1440 oui-³

215 1479 262 1536 dio
282 1477 471 1550 cpnsarcinata
493 1476 551 1533 uisa
570 1481 659 1548 esset,
678 1475 840 1551 praesertim
860 1493 922 1531 cum
942 1476 1026 1534 latine
1045 1485 1160 1533 extaret.
1201 1476 1301 1534 Clodius

215 1573 325 1630 Tuscus
344 1571 535 1649 grammaticus
554 1567 618 1642 suit,
638 1568 716 1625 cuius
733 1567 992 1625 commentariorum
1011 1569 1094 1626 libros
1114 1569 1313 1646 quatuorSem

214 1668 276 1724 uius
296 1665 332 1724 ad
343 1665 497 1740 Virgilium,
516 1663 621 1721 litteras
640 1658 677 1718 ad
696 1659 820 1718 Sinnium
836 1659 1001 1736 Capitonem
1019 1660 1099 1720 datas
1111 1663 1221 1721 Gellius
1239 1681 1301 1720 com·

214 1759 349 1819 memorat
369 1758 399 1832 5,
420 1761 476 1832 203
511 1755 599 1814 Sirmii
618 1753 760 1832 Capitonis
780 1753 887 1830 scriptis
906 1773 970 1812 usus
990 1764 1032 1812 est
1051 1755 1164 1814 Verrius
1185 1759 1301 1825 Flaccus,

214 1851 309 1913 Ouidii
327 1851 458 1930 aequalis,
480 1837 545 1907 uide
557 1847 670 1906 Festum
686 1845 813 1904 Muelleri
831 1865 860 1924 p.
872 1845 938 1904 443.
969 1832 1084 1916 Quanto
1103 1859 1169 1908 anto
1185 1850 1313 1922 Verrium]

174 1930 177 1936 ’
213 1957 339 2024 temporo
358 1954 475 2022 uterque
495 1941 609 2011 uixerit,
630 1935 681 1998 uel
700 1941 739 1998 ita
765 1937 929 2018 apparebit,
956 1943 978 1998 si
997 1961 1059 1998 cnm
1078 1943 1124 2000 illo
1143 1943 1231 2002 Gellii
1250 1945 1313 2020 loco}

212 2040 250 2098 de
274 2038 431 2107 somaoismo
457 2031 603 2097 contuleris
627 2031 711 2091 alium
732 2037 780 2108 13,
800 2035 819 2089 6
846 2032 881 2090 de
899 2030 1085 2104 barbarismo,
1112 2036 1159 2094 ubi
1179 2037 1301 2096 Verrium

212 2129 326 2210 intelligi
345 2131 492 2208 cdgn'osces
510 2145 546 2186 ex
560 2127 645 2185 Festo
664 2131 782 2204 p.1,12
800 2117 862 2187 Vrs.
900 2127 964 2184 Non
984 2131 1100 2186 multum
1118 2132 1222 2205 obstat,
1243 2133 1313 2218 (ιιι-Ξ

212 2229 302 2298 minus
316 2213 449 2294 Tuscum,
470 2224 517 2301 qui
537 2221 695 2279 nominatur
709 2239 726 2278 a
739 2219 847 2278 Seneca
867 2220 977 2280 rhetore
996 2221 1102 2280 suasor.
1133 2231 1162 2298 2,
1186 2245 1241 2282 non
1259 2241 1313 2300 pro}

212 2319 351 2394 historico,
367 2317 417 2376 sed
430 2325 545 2396 propter
559 2315 716 2374 historicum
732 2313 835 2372 dictsrm
850 2315 923 2372 male
938 2325 1114 2394 usurpatum:
1136 2316 1203 2374 nihil
1218 2305 1313 2394 plane}

202 2401 357 2490 ¹quominus
375 2411 499 2467 Tuscum
521 2407 614 2468 Ouidii
639 2404 761 2468 sodalem
782 2406 866 2467 Pont.
886 2410 916 2482 4,
938 2411 985 2482 10,
1003 2414 1042 2465 20
1066 2429 1118 2488 pro
1138 2410 1192 2468 boc
1211 2411 1313 2469 Clodio

212 2504 308 2562 Tusco
334 2501 493 2560 babeamus.
547 2503 605 2559 lam
631 2519 698 2560 uero
724 2503 918 2559 astronomiam
946 2501 981 2558 ad
1006 2504 1198 2579 grammaticos
1224 2505 1313 2581 porti·¹

212 2596 304 2656 nuuse
328 2596 375 2653 nix
400 2604 460 2668 ast,
484 2603 515 2652 ut
535 2591 655 2672 Nigidii,
683 2593 831 2668 Varronis,
860 2596 904 2652 uel
923 2596 1114 2670 Graecorum,
1142 2598 1187 2654 uel
1210 2598 1313 2676 Hygini]

210 2690 299 2762 istius,
319 2689 541 2766 quandocunque
562 2687 640 2761 uixit,
660 2687 787 2766 exemplo
807 2688 949 2746 doceatur.
989 2689 1111 2746 Amicum
1134 2685 1202 2748 uero
1223 2695 1313 2768 amicat

211 2782 360 2856 derebus,
379 2799 447 2858 quas
466 2779 566 2838 rectius
585 2779 707 2849 calleret,
726 2779 824 2838 librum
844 2782 991 2840 inscribere
1010 2801 1049 2840 ac·
1061 2783 1243 2861 suppeditare
1260 2804 1313 2864 per

211 2895 242 2937 se
261 2884 476 2936 consentaneum
503 2880 562 2945 est,
587 2881 616 2931 et
639 2869 759 2931 tecitud
778 2872 1089 2935 PaauenturGraecus
1115 2879 1313 2955 grammaticus}

198 2957 240 3030 ¹et
259 2978 343 3049 poeta
362 2967 446 3026 Gallo
465 2965 605 3027 Cornelio.
645 2964 726 3025 Illum
751 2966 835 3044 igitur
859 2967 957 3025 librum
977 2971 1067 3029 Clodii
1092 2964 1265 3048 grammatici
1281 2959 1313 3029 in}

212 3063 306 3125 Ouidii
324 3081 402 3144 spem
421 3061 526 3138 gratiae
544 3049 728 3140 coriscriptnm
746 3062 867 3140 putabor
887 3063 927 3118 nti
946 3073 1021 3122 certe
1039 3065 1085 3123 illo
1106 3063 1241 3124 Ouidium
1260 3075 1313 3145 pn-t

212 3159 296 3216 tuisso
315 3155 446 3237 temporis
461 3152 545 3228 ratio,
564 3163 593 3212 et
613 3172 691 3213 nsum
711 3171 771 3212 esse
791 3171 835 3212 res
853 3155 913 3232 ipsa
931 3157 1063 3232 coarguit.
1094 3159 1124 3216 ln
1145 3177 1179 3216 ea
1199 3174 1233 3219 ιιι
1252 3163 1313 3239 ἰριιι

142 3311 148 3328 ,
211 3250 376 3327 exponenda
394 3244 520 3308 ordinem
537 3267 639 3326 sequar
657 3247 749 3324 hune,
769 3257 801 3306 ut
819 3247 938 3325 primum
956 3257 1059 3325 ponam
1080 3265 1127 3309 eos
1146 3253 1245 3328 locos,
1265 3255 1313 3332 qui

211 3336 460 3421 utrobiquo’plane
476 3350 541 3400 sunt
559 3345 676 3418 similes,
689 3339 755 3400 'siue
774 3356 841 3399 uera
859 3343 1020 3416 continent,
1039 3344 1110 3416 siue,
1129 3349 1266 3422 quoniam
1282 3339 1313 3420 idi

210 3452 262 3512 per
280 3433 416 3492 ldelerum
434 3429 509 3508 licet,
526 3433 620 3510 salsa3
639 3435 739 3494 deinde
758 3451 810 3503 ea,
829 3451 902 3512 quae
921 3437 1088 3501 conueniunt
1105 3437 1179 3496 inter
1198 3449 1313 3499 utrum

211 3544 293 3604 que,
315 3527 339 3583 si
363 3535 414 3589 ant
437 3525 554 3588 Ouidius
577 3529 678 3586 metius
703 3527 881 3604 intelligitur,
915 3535 964 3586 ant
991 3527 1104 3586 Clodius
1130 3503 1313 3624 emendatum}

209 3618 405 3702 suppleturam·
424 3628 483 3678 tum
502 3636 575 3698 quae
593 3619 735 3680 discedere
751 3619 942 3700 uidentur.-
960 3620 1069 3678 Initium
1087 3621 1251 3684 iaciendum
1272 3609 1313 3718 est}

197 3703 245 3770 ‘ab
263 3711 367 3771 infelici
383 3715 440 3790 aui,
459 3732 530 3792 quae
549 3709 647 3771 ideleri
659 3711 827 3790 diligentiam
841 3711 939 3790 effugit
955 3714 1094 3792 planeque
1107 3717 1144 3774 ab
1158 3735 1194 3776 eo
1209 3721 1313 3788 omissa

206 3813 263 3882 est,
280 3807 427 3895 Μὶῑιιο,3,
397 3795 514 3898 7303ι
536 3817 566 3865 ut
587 3805 765 3865 nesciendum
783 3806 826 3876 sit,
845 3825 928 3884 quam
948 3808 1028 3878 bene,
1047 3823 1119 3886 quae
1138 3809 1266 3874 Ouidius
1285 3817 1313 3874 et

204 3891 323 3960 ¹Clodius
348 3849 478 3977 banaio,
493 3901 530 3958 ad
557 3900 700 3960 ueritatem
727 3901 938 3960 astronomicam
965 3901 1131 3978 collineant,
1157 3919 1187 3963 et
1214 3905 1313 3968 utrnmi

171 3995 173 4002 '
208 4010 308 4101 mane,
333 4011 370 4052 an
389 3995 509 4083 uesperi
516 3995 628 4052 oriatur.
668 3991 700 4052 Si
715 3995 821 4051 certum
839 4004 928 4068 esset,
949 4012 1029 4055 mane
1047 4013 1111 4054 eum
1130 3998 1218 4076 oriri,
1240 4017 1313 4081 quoa

208 4086 281 4146 niam
300 4085 362 4169 ιο0
359 4093 444 4146 noete
458 4063 531 4166 aptid
549 4083 682 4146 Ouidium
699 4083 879 4164 posteriorem
894 4087 1044 4165 Argeorum
1064 4090 1137 4148 diem
1156 4093 1313 4184 significatq'

207 4179 302 4257 posset
319 4159 432 4272 cogitari
452 4181 487 4240 de
508 4181 627 4276 diluculo
651 4176 831 4239 matutinos.
851 4180 880 4238 d.
899 4174 953 4240 XV
971 4181 1037 4240 Kal.
1056 4184 1155 4260 April,
1178 4202 1246 4262 qun
1268 4189 1313 4252 dia
