2688 4680
109 327 118 336 ¹
183 313 287 368 ΟΜ
661 315 860 373 naum.

183 469 426 532 wbaaaaurw
447 474 589 546 etum
612 467 734 529 indicare
757 467 912 546 uideantur.
951 468 1124 530 Tesdmoniu
1147 477 1278 534 nemra

183 564 222 624 de
239 563 293 622 boa
309 562 364 622 deo
383 563 512 638 babebis,
529 564 553 622 ai
571 563 670 622 adieris
687 563 852 622 binellumrm
869 562 980 622 Ebuso.
998 568 1028 634 2,
1047 583 1078 642 p.
1091 568 1141 641 60,
1152 569 1204 642 61,
1225 568 1279 626 sed

183 656 316 717 adieceris
334 655 447 718 Festum
466 674 497 734 p.
509 659 578 730 220,
597 662 613 714 l
633 657 697 727 sin,
720 657 768 735 qui
785 657 916 716 conuenit
932 659 1165 736 eom-Augurini
1184 663 1280 720 uerbi!

181 759 212 810 et
229 749 333 813 Araob.
353 752 382 818 6,
400 751 430 822 3,
449 748 497 805 nbi
516 749 598 808 etiam
617 769 669 828 pro
686 749 753 809 Dite
771 750 892 828 ponitur.
929 751 1025 826 Altera
1049 751 1134 838 igitur¹
1157 752 1196 812 da
1219 753 1279 813 deo

180 842 354 920 fulguratore
378 859 414 899 ex
436 841 616 902 Etruseorum
641 841 786 922 obobbm
810 843 898 921 petita
922 840 1033 903 uidetur
1054 846 1207 921 sententia,
1231 847 1279 906 al-

182 945 243 996 tera
260 935 427 994 Sabinorum
443 932 540 1009 fuerit,
560 935 624 995 uida
642 937 725 996 Varr.
739 935 776 996 de
794 936 815 996 l.
835 935 855 995 l.
874 934 907 1010 ⁵,
918 937 966 995 7⁴„
1005 937 1131 1016 Vtraque
1147 957 1211 997 eom
1229 939 1278 999 sa·

181 1030 281 1090 eillimu
299 1027 475 1099 concilietur,
500 1029 529 1087 in
555 1029 665 1088 nomiae
688 1029 859 1108 potissimam
878 1028 998 1088 maias
1014 1029 1170 1089 Varronem
1188 1041 1278 1110 puta·

182 1123 278 1182 nerim.
316 1121 466 1180 Muellerus
483 1122 549 1199 qnia
566 1120 642 1200 apud
655 1119 785 1182 Plautum
797 1120 930 1180 Baeelrid.
945 1125 976 1198 d,
985 1125 1016 1199 8,
1028 1121 1068 1182 54
1085 1123 1164 1183 librie
1182 1123 1279 1184 Hab-

181 1233 318 1290 morsus,
337 1213 397 1284 Sol,
418 1217 559 1274 666606
577 1213 657 1292 diosa
674 1233 768 1286 omaso
784 1221 878 1274 osas
895 1215 1009 1292 habent,
1028 1215 1092 1276 ideo
1109 1233 1211 1276 nomen
1229 1219 1277 1278 la-

181 1308 270 1368 tinum
294 1325 349 1365 noa
374 1306 461 1365 fnisse
484 1307 648 1385 suspicatur.
686 1308 756 1367 illibi
779 1306 897 1368 eandem
919 1309 957 1368 ob
975 1309 1275 1386 aansarn'Snmmauns

180 1399 254 1460 idern
278 1398 362 1459 inisse
387 1399 531 1458 Nooturuo
549 1400 748 1476 Etruseorum,
774 1400 871 1462 diuell-
891 1407 921 1477 2,
940 1421 971 1480 p.
983 1407 1038 1460 1³1
1057 1421 1123 1488 ann.
1142 1406 1197 1479 26,
1219 1404 1275 1466 sud

116 1515 123 1526 ·
181 1501 312 1554 nmirum
330 1511 431 1553 nomen
449 1510 467 1551 a
485 1493 578 1572 lingua
589 1494 707 1554 Etnrsaa
724 1493 906 1573 repeteadm
925 1493 1042 1554 uidetum
1079 1495 1154 1555 Nam
1172 1516 1275 1576 qnem-

116 1600 121 1610 ’
180 1585 329 1647 admodum
347 1587 393 1648 dei
409 1586 490 1646 inseri
508 1588 604 1646 orn'mis
623 1605 708 1646 eausa
727 1607 784 1647 non
802 1587 884 1666 nigri,
902 1586 953 1646 sed
969 1587 1068 1666 nordlii
1082 1591 1175 1653 nabab
1191 1601 1276 1669 sunt,

179 1679 238 1740 uid.
257 1679 362 1740 Placidi
384 1683 468 1760 gloss.
489 1680 654 1758 646166,
677 1680 759 1740 Paul.
775 1680 856 1742 Diae.
875 1685 1016 1760 ρ.22,2,
1038 1692 1069 1742 et
1089 1683 1277 1761 quenadmo-

179 1774 247 1834 dnm
265 1773 467 1853 Sophoclesin
484 1773 594 1852 Oedipo
613 1791 680 1852 rege
692 1775 786 1834 Ditem
804 1783 912 1853 panem
931 1775 1018 1835 noluit
1034 1785 1200 1836 nounrnnm
1218 1798 1276 1838 no-

181 1885 258 1943 eare,
276 1859 404 1946 Porsenna
422 1861 499 1928 dedu
517 1867 595 1943 dixit,
613 1868 652 1926 ita
669 1867 730 1928 fieri
748 1869 848 1947 potuit,
866 1878 898 1927 ot
915 1887 934 1928 a
949 1870 1062 1930 meliore
1074 1871 1199 1948 proximo
1210 1891 1277 1933 ma-

179 1961 269 2022 tutina
288 1971 413 2041 tempora
431 1961 589 2020 Submanus
606 1963 812 2039 nominaretur,
829 1960 891 2022 fere
909 1971 941 2022 ut
957 1963 1076 2024 Romani
1087 1971 1167 2026 'testa
1182 1966 1275 2028 Festo

178 2075 210 2136 p.
222 2057 291 2131 006,
302 2057 342 2114 26
352 2055 406 2113 sin.
424 2052 579 2113 66066066
597 2054 773 2133 appellarant
790 2063 898 2134 tempus
916 2067 982 2116 anta
998 2057 1130 2136 planiam.

255 2146 341 2220 Quod
360 2146 454 2210 Varro
472 2146 508 2207 fr.
523 2149 543 2204 4
560 2147 676 2208 Palem
695 2149 845 2208 maenium
865 2147 1045 2221 deumleeit,
1068 2163 1196 2230 spectare
1213 2173 1277 2234 po-

100 2315 102 2326 ,
178 2243 232 2304 tois
249 2243 430 2302 Etruseorum
447 2241 630 2320 disciplinam,
649 2243 700 2322 qui
718 2237 792 2303 inter
808 2242 927 2302 Penates
944 2241 1096 2304 mundam
1115 2247 1219 2308 Araob.
1237 2253 1273 2325 ³,

178 2339 219 2396 40
236 2337 331 2396 ooinat
347 2335 460 2409 rous,
477 2335 526 2396 ssd
544 2353 600 2396 sou
616 2335 697 2396 lliour
713 2334 863 2411 fmiaam,
881 2352 965 2412 quam
981 2335 1141 2412 aulonrilos
1156 2343 1271 2419 obripit,

177 2427 488 2490 admoallaiausoio
503 2429 1148 2506 mammaemmalouuooullboaoa
1174 2433 1273 2512 Ipsum

177 2521 252 2582 hano
263 2523 373 2594 druobii
386 2522 475 2580 lunum
493 2523 539 2580 ubi
551 2523 642 2599 attigit
654 2523 815 2598 Muellerus,
829 2523 891 2580 Etr.
901 2527 932 2597 2,
945 2541 975 2600 p.
981 2525 1029 2594 61,
1047 2526 1202 2604 saepiuntur
1212 2527 1273 2587 Pa·

91 2615 93 2620 ’
177 2616 325 2676 lisnomen
339 2633 395 2674 non
408 2613 640 2690 esselitruseom,
658 2615 708 2674 sed
724 2617 1160 2694 mutuosamplumallomaais.
1190 2620 1275 2682 Sane

176 2708 275 2780 miram
292 2707 366 2767 foret
390 2706 466 2784 apud
488 2714 636 2785 utrumque
654 2708 789 2786 populum
812 2708 886 2770 idem
904 2727 1006 2770 nomen
1023 2712 1084 2770 sinu
1100 2711 1158 2770 ullo
1176 2721 1272 2774 mns-

141 2850 146 2858 .
175 2801 285 2862 lationis
304 2799 418 2878 666636
435 2799 620 2879 deprehendis
639 2819 737 2860 uerum
755 2799 839 2860 nihilo
858 2803 1028 2880 probabilius
1046 2815 1089 2866 est
1106 2809 1272 2883 366666-

177 2913 240 2955 eum
259 2895 341 2954 istum
358 2895 387 2953 in
405 2902 503 2970 tanta,
521 2912 594 2973 quas
611 2901 743 2970 nomint,
766 2895 885 2956 numinis
902 2895 1014 2956 Etnrsai
1036 2907 1065 2957 et
1082 2899 1192 2958 romani
1209 2899 1272 2960 ὥ-

175 2987 352 3048 simililndine
375 2985 456 3048 lruius
479 2979 694 3066 appellationem
708 2990 860 3068 ‚motolbsa
882 2991 913 3048 in
935 2989 1013 3050 illud.
1049 2991 1106 3050 Aut
1127 2991 1212 3070 igitur
1227 2996 1272 3054 ri-

174 3079 239 3142 mila
257 3100 357 3142 nomen
370 3081 518 3142 Etruscum
537 3098 678 3141 romanam
696 3079 824 3158 formam,
842 3084 1061 3144 terminationem
1075 3087 1205 3163 maxime,
1222 3086 1272 3148 in·

175 3174 246 3250 duit,
265 3186 315 3235 aut
332 3175 482 3236 admonitio
502 3174 539 3235 de
556 3173 718 3236 diuersitate
735 3193 823 3234 seras
837 3184 869 3234 et
887 3176 972 3259 officii
989 3186 1032 3236 ost
1047 3177 1170 3255 arnobii,
1188 3180 1271 3258 prio-

175 3283 231 3342 res,
249 3266 372 3328 fortassis
391 3279 507 3348 uterque
524 3265 653 3349 populus,
672 3285 782 3328 eausam
800 3267 974 3348 inuenerant,
995 3288 1044 3330 ura·
1057 3273 1170 3332 nomina
1185 3292 1271 3336 oom-

174 3370 315 3439 pararent.
352 3360 422 3420 Eam
438 3379 549 3420 causam
568 3360 710 3438 intelligo,
732 3361 810 3439 qaod
828 3361 929 3422 indicia
945 3365 1082 3442 quaedam
1099 3364 1273 3427 doceremi-

85 3479 89 3488 ,
173 3451 274 3511 dantur
293 3442 400 3514 Romae
424 3460 535 3533 qaoque
555 3451 650 3514 Palem
672 3454 792 3532 aliquem
816 3456 979 3533 pertinuisse
1003 3456 1040 3516 ad
1058 3458 1190 3520 Penates.
1224 3461 1267 3520 Hi

168 3544 331 3614 tultilsuot
354 3545 461 3606 Romae
487 3555 518 3606 et
535 3545 649 3605 Lauinii
677 3565 739 3606 sum
764 3548 851 3630 Yeata
881 3559 910 3608 et
934 3547 1077 3629 Palladio,
1102 3535 1206 3614 Strabo
1231 3557 1266 3629 6,

172 3655 202 3716 p.
214 3639 271 3696 264
278 3637 327 3696 bc
347 3639 482 3696 Casaub.=
502 3633 553 3697 eol
571 3632 631 3718 γὰρ
650 3635 682 3699 ἓν
696 3629 798 3716 Ῥώμη
817 3636 869 3701 aul
888 3637 920 3702 ἓν
933 3641 1098 3728 Aooorulqr
1115 3681 1154 3693 -
1168 3639 1269 3717 Ἰλιὰς

166 3723 286 3805 Ἀθηνᾶ
298 3728 446 3806 καλεῖται,
463 3719 506 3798 ὥς
518 3725 636 3790 ἐκεῖθεν
654 3734 851 3810 κομισθεῖσα,
872 3736 1002 3798 Clausen.
1015 3758 1045 3818 p.
1055 3741 1123 3798 623.
1150 3739 1185 3800 Id
1196 3741 1269 3801 Pal·

172 3823 292 3898 ladium,
317 3822 354 3883 de
366 3825 448 3884 euius
467 3825 639 3885 obscuritate·
661 3826 725 3886 uida
741 3829 918 3888 Clausenium
937 3851 967 3910 p.
978 3835 1053 3908 700,
1076 3834 1268 3910 axmgitatnnr

170 3924 213 3978 est
231 3934 248 3976 a
267 3917 402 3993 Graecis,
426 3917 467 3977 uti
490 3917 626 3978 ooniieera
650 3919 760 3996 licebit,
786 3932 902 4000 propter
922 3925 1010 3986 simile
1024 3925 1140 4004 aliquod
1158 3945 1268 3988 nomen

170 4025 233 4070 urm
255 4009 405 4070 Penatibus
433 4011 560 4088 ooniuogi
586 4013 707 4072 solitum.
758 4013 866 4074 Eodem
890 4016 974 4076 modo
1001 4019 1133 4080 Pallantis
1156 4037 1266 4080 aomen

168 4119 303 4180 graecum
317 4103 436 4163 refertur
454 4102 491 4161 ad
510 4102 664 4182 Lauiniam,
684 4105 739 4166 boo
755 4115 809 4182 est,
828 4106 865 4166 ad
884 4111 1000 4188 muriam
1018 4110 1165 4172 Penatium
1183 4113 1266 4192 nond

92 4235 94 4242 s
166 4190 323 4292 Polybium,
340 4195 455 4273 Dionys.
475 4196 541 4258 Hal.
561 4199 654 4276 l,il²,
674 4197 932 4281 0166666888,
951 4203 1265 4286 quemadmodumPa·
