2678 4668
367 307 387 326 ·'
514 315 664 400 rasarora
898 385 902 400 ι
1022 311 1141 373 uxxxr'

55 483 137 526 mutin
155 475 199 526 ert
219 463 363 526 Nisisolrrii
385 465 514 528 iudiciuin
533 466 597 528 hist.
616 470 671 531 Ro.
689 474 718 544 1,
733 487 763 549 p.
773 471 842 545 226,
860 470 947 550 quod,
967 481 997 532 ut
1015 494 1067 554 par
1085 487 1137 548 est,-

55 569 132 618 taneu
150 577 291 620 mereor.
329 557 432 638 Neque
451 559 524 620 enim
543 563 659 621 multum
679 564 717 622 illi
740 564 849 638 obstat,
874 553 1081 642 quod-Seruius
1099 568 1136 628 ad

54 653 95 710 rel.
112 655 177 727 6,3
204 651 290 710 tradit
307 651 450 730 Virgilium
477 663 555 732 gestu
579 673 675 732 regum
696 655 863 714 Albanorum
885 667 985 736 coepta
1004 663 1137 738 omisisse,
1230 728 1234 742 Ι

54 745 179 802 norniuour
205 744 368 823 asperitato·
382 744 560 823 deterritum,
585 759 635 808 aut
659 748 735 828 qood
763 749 923 829 Propertius
942 752 972 826 4,
991 757 1023 826 2,
1042 755 1142 817 ilas.

54 841 144 914 κομι,
161 836 255 912 elliu,
280 844 345 896 loos
363 845 390 895 sl
407 857 500 915 mum
519 839 597 913 forto
618 848 743 912 luorum,
772 851 801 899 et
828 844 912 920 paulo
932 854 995 922 post
1014 845 1135 904 Ennium
1175 831 1181 840 ⁸

54 939 253 990 oommemoratr
278 939 309 989 et
328 931 468 991 uerissime
487 933 552 992 alibi
577 933 708 993 iudicauit
733 933 843 994 deiide
862 937 981 994 auctoris
999 937 1035 996 de
1053 948 1137 1014 gente

54 1024 134 1101 populi
147 1023 241 1097 Rom,
262 1041 318 1101 quo
338 1021 404 1082 nillil
421 1023 622 1086 fraudulentius
635 1045 697 1086 esse
709 1035 811 1106 potest.
846 1025 910 1086 Non
925 1032 1011 1088 ausim
1032 1033 1134 1106 omnia,
1150 1061 1153 1072 ·

53 1135 113 1194 quae
124 1116 251 1191 Ouidius,
271 1117 470 1176 uetustissimus
485 1136 592 1193 eorum,
612 1122 659 1198 qui
679 1129 784 1179 restant
802 1120 830 1178 in
851 1119 902 1178 lrao
921 1139 960 1196 re,
982 1132 1134 1198 ouetorurn¹
1216 1146 1219 1156 ·

54 1209 139 1284 tradit,
163 1209 271 1268 referre
289 1219 340 1269 aut
366 1209 402 1268 ad
422 1211 559 1287 Ennium,
588 1229 680 1291 aquo
699 1222 791 1272 tameo
812 1231 859 1271 ιιιι.
872 1217 999 1272 31-37
1018 1214 1135 1276 Ouidius

53 1286 177 1362 uetustis
194 1313 239 1361 est
257 1314 328 1363 teste
347 1303 519 1382 Plrilargyrio
538 1305 574 1364 ad
594 1306 672 1384 Virg.
691 1323 734 1384 ge.
750 1311 779 1379 3,
791 1305 845 1365 ³5:
865 1317 914 1365 aut
932 1305 968 1366 ad
986 1309 1133 1382 Catonern,

53 1413 203 1474 quanquam
221 1415 286 1456 eum
305 1399 429 1457 norniuat
446 1397 561 1456 Seruius
579 1397 617 1457 ad
636 1401 704 1458 Aen.
724 1401 754 1473 o,
768 1401 845 1473 760,
871 1401 918 1477 qui
937 1409 966 1459 et
984 1402 1133 1480 peculiaria

53 1489 161 1566 profert,
188 1501 218 1549 et
237 1490 266 1549 in
285 1509 401 1550 numero
419 1509 534 1568 regum,
558 1491 658 1550 omisso
678 1494 771 1550 Aenea
791 1491 895 1562 Siluio,
915 1495 1052 1552 consentit
1069 1513 1133 1551 eum

53 1581 139 1642 Ouidio
158 1583 244 1662 paulo
264 1593 327 1662 post
345 1583 381 1642 ad
399 1603 427 1642 ιι.
441 1586 515 1642 rotz
541 1585 645 1643 autad
665 1585 789 1643 Cassium
810 1585 970 1657 Heminam,
988 1604 1071 1666 quem
1088 1605 1133 1646 se·
1260 1621 1267 1632 κ

55 1677 131 1752 autur
145 1677 239 1755 priora
259 1676 321 1735 loeo
342 1677 370 1736 iu
389 1673 443 1735 alia
462 1695 494 1738 re
511 1677 628 1736 Seruios
647 1687 768 1751 testante
786 1679 878 1738 Gellio
898 1683 946 1755 17,
965 1685 1016 1738 21.
1053 1680 1133 1748 Quos

54 1768 114 1828 ulios
128 1770 242 1828 Seruius
260 1769 364 1827 iudicat
381 1768 418 1828 ad
437 1773 466 1841 8,
486 1774 542 1845 71,
561 1771 673 1830 minime
691 1787 802 1830 neumae
820 1781 879 1846 est,
896 1772 951 1831 rint
968 1773 1066 1843 Liuio,
1087 1773 1132 1848 uel
1215 1843 1224 1858 ι

51 1863 191 1922 Alexandro
210 1860 385 1938 Polylristore
403 1863 584 1922 uetustioresr
602 1865 772 1943 significatur
788 1865 908 1924 tortasse
926 1866 986 1944 ipse
1002 1865 1131 1940 Ouidius,

51 1973 120 2032 qoem
137 1965 213 2017 carte
228 1955 355 2033 sequitur
372 1954 532 2036 lactantius
552 1962 581 2031 1,
600 1963 635 2017 ΙΙ
662 1976 741 2017 ruore
757 1975 824 2017 suo.
864 1951 1013 2019 Caeterum
1030 1959 1132 2036 quibus

49 2047 72 2106 in
87 2047 236 2106 ιιοιιιίιιὶιιιιι
260 2056 290 2106 et
313 2063 370 2124 quo
396 2047 493 2106 ordine
510 2047 641 2109 dill'srant
659 2051 756 2129 reliqui
781 2061 866 2138 testes
884 2055 921 2112 ab
940 2051 1058 2124 Ouidio,
1082 2059 1131 2107 aut
1161 2063 1166 2080 ‘

49 2139 87 2198 ile
101 2158 119 2198 s
135 2159 166 2199 se
182 2141 255 2218 ipso,
274 2157 331 2197 non
349 2156 419 2215 opus
438 2151 481 2199 est
500 2152 642 2202 annotare·
682 2131 714 2204 st
732 2146 898 2223 inspexeris,
919 2145 1060 2204 miraberis
1078 2161 1131 2220 po·

49 2231 165 2291 ιὶιόιιιιιιιι
189 2251 243 2312 pro
262 2231 381 2291 Remulo
400 2230 540 2293 Ouidiauo
558 2235 671 2296 Altadae
698 2255 799 2296 nornen
824 2237 900 2316 apud
918 2237 1077 2314 Dionysium
1101 2245 1131 2294 et

50 2325 224 2402 moneberis
242 2326 270 2384 in
289 2325 387 2384 eadem
406 2343 438 2385 re
456 2327 586 2387 Aeolidae
603 2328 754 2389 Salmonei.
771 2329 927 2404 ¹Postremo
946 2330 982 2391 de
1001 2331 1067 2388 lano
1085 2328 1129 2387 la·
1150 2327 1153 2332 '

50 2419 128 2479 irlrrn
147 2407 177 2496 Ι1,
192 2421 361 2478 too-274
379 2429 484 2493 narrat,
504 2439 588 2498 quam
606 2423 736 2498 attigerat
754 2425 836 2483 etia·
855 2409 920 2484 met.
938 2426 1128 2502 ‚14,7rosq.,

49 2515 180 2592 unoiiqoe
199 2513 332 2571 historiae
354 2512 391 2571 da
409 2514 533 2592 'l'arpeia
552 2532 698 2575 annexam.
736 2516 810 2574 llius
834 2517 901 2596 quid
926 2518 1015 2595 oolligi
1042 2517 1129 2596 possit

49 2607 173 2666 admorlli
187 2605 247 2664 lani
264 2607 345 2664 siurrn
358 2605 554 2682 deliniendum,
573 2607 644 2666 inira
663 2619 826 2688 exponetur.
855 2610 989 2669 Fabulam
1006 2613 1041 2669 alr
1056 2609 1129 2669 Oai·

49 2699 87 2758 du
103 2701 221 2760 indidem
239 2698 413 2776 desumptam
433 2701 569 2776 mistim,
589 2702 663 2762 unde
681 2705 806 2763 enotauit
823 2705 979 2784 Maenalias
995 2707 1052 2779 r,e
1065 2704 1130 2778 lita,

48 2791 109 2852 iota
131 2795 208 2852 euius
231 2793 320 2850 uerbo
345 2791 432 2850 lusor
458 2811 529 2870 quse
552 2793 603 2854 suls
627 2793 766 2854 rodioiius
791 2795 871 2856 ouilia
895 2797 1043 2858 Vasiuolis
1067 2803 1132 2855 erut
1222 2785 1228 2792 ”

48 2883 188 2946 nummu
208 2905 237 2943 u.
261 2887 296 2945 u.
315 2885 344 2945 tu
362 2885 452 2946 oua.
473 2888 555 2946 vui·
575 2893 605 2958 1,
622 2890 743 2966 prro,
768 2880 870 2967 rossyr
888 2899 1002 2951 ιιιιιιι
1020 2891 1130 2970 optutu
1165 2876 1172 2898 ⁸

49 2997 111 3055 reu,
128 2981 165 3040 ab
182 2979 275 3039 aliena
294 2997 376 3038 manu
396 2979 526 3058 prolaeta
542 2991 646 3041 censat.
684 2981 716 3042 Si
735 2983 798 3061 quia
810 2983 989 3061 Calpurnium
1000 2982 1127 3040 Pisonem
1217 3055 1222 3062 ι

47 3073 219 3134 ἰιιιιιιιΙίΙιιιι
237 3073 312 3132 illam
326 3091 384 3132 rem
398 3071 542 3134 tradidisse
558 3076 714 3135 existimare
729 3076 806 3151 uelit,
826 3093 882 3134 nou
897 3073 1061 3134 crediderim
1076 3073 1130 3131 ob·

47 3177 121 3242 aare,
139 3166 215 3246 quad
233 3165 362 3225 Varrone
376 3164 412 3226 da
431 3167 450 3226 l.
465 3168 484 3225 l.
504 3167 535 3242 5,
550 3169 605 3226 tot
623 3178 695 3227 teste
714 3169 738 3227 is
755 3169 818 3247 ipse
832 3165 899 3225 Piso
915 3167 1035 3225 Numam
1052 3166 1130 3224 olau-

46 3257 118 3318 deodi
135 3260 195 3318 lani
212 3259 332 3336 primum
352 3269 493 3319 ausuram
516 3259 603 3336 feeit,
626 3271 676 3319 aut
694 3260 769 3338 quod
787 3259 934 3335 Dionysius
949 3264 977 3330 2.
992 3260 1129 3338 astorgo

46 3351 172 3414 horum
191 3353 228 3410 als
242 3351 384 3412 Ouidiauo
400 3351 529 3411 iudicium
550 3353 609 3413 aios
627 3351 798 3431 de'l’arpeia
818 3362 1024 3416 ooraraemorat.
1054 3354 1129 3412 Fieri

45 3446 107 3505 enim
124 3446 250 3526 potuisse
267 3445 384 3524 posthae
402 3445 526 3520 dsoebo,
545 3455 576 3504 ot
594 3446 691 3504 lanum
710 3458 771 3504 eunt
790 3447 913 3525 Tarpeia
932 3447 1036 3526 primus
1055 3446 1129 3506 Oui-

46 3538 96 3598 dius
112 3538 306 3614 ooeiuuxerit,
329 3556 499 3617 quamquam,
515 3540 583 3598 loos·
597 3537 656 3598 sios
680 3539 722 3598 rei
738 3540 881 3618 uestigium
902 3549 943 3598 est
963 3541 994 3598 in
1011 3539 1129 3599 detrun-

44 3645 97 3693 ests
114 3633 191 3694 Festi
209 3633 354 3692 lemmate:
385 3636 521 3711 nupstu
538 3629 615 3709 effip-
633 3651 664 3714 p.
680 3635 738 3692 dlii
756 3635 857 3694 sinistr.
876 3635 896 3694 l.
918 3636 963 3708 ro,
977 3637 1013 3691 17
1031 3633 1128 3692 Muell.

44 3727 171 3794 Quonim
191 3725 229 3785 de
247 3725 398 3783 Fabiorum
415 3725 531 3785 irist'oria
548 3743 632 3805 sopra
650 3745 681 3806 p.
696 3743 783 3786 mu
801 3726 1062 3801 sententiam.;dirr'i,
1090 3725 1129 3802 de

44 3817 135 3882 Sunio
151 3820 250 3879 'l'nllio
269 3837 337 3877 uero
356 3819 471 3897 aliisquo
489 3819 562 3878 inira
579 3820 703 3879 dicturos
720 3841 792 3896 sunr,
812 3829 908 3893 restat,
928 3830 959 3878 ut
974 3814 1067 3880 ‘fatear
1084 3820 1129 3878 ia-

46 3911 117 3974 lolas
140 3913 177 3973 ds
204 3910 350 3971 οδιίὰἰοιιο
367 3912 528 3992 Capitoiua
551 3923 581 3973 et
605 3913 672 3971 lose
691 3912 801 3972 Pistore
815 3915 846 3988 u,
864 3914 1032 3970 ato-att
1055 3915 1126 3972 uilril

46 4005 145 4068 dende
162 4005 233 4066 milri
250 4006 416 4065 innotuisset
432 4007 603 4066 -Lsotsntius
629 4007 703 4066 enim
723 4012 751 4082 t,
767 4011 806 4064 2⁰
824 4024 859 4066 ex
879 4003 980 4066 Ouidio
999 4006 1141 4086 proiecit,-

47 4101 203 4179 logmtinus
221 4097 259 4159 de
276 4098 348 4180 ogd.
362 4105 391 4177 2,
402 4105 444 4162 ²2
460 4109 490 4161 ot
508 4099 622 4162 Sentius
641 4097 680 4162 ad
691 4105 760 4161 den-
775 4103 807 4177 ⁸t
818 4102 877 4160 ⁶5²
895 4119 994 4179 parom
1016 4099 1131 4173 diserta.

47 4205 86 4254 aot
101 4195 214 4256 diuersa
231 4191 358 4256 uadum
