2636 4678
191 289 252 340 Vll!
597 289 677 338 uvat
697 284 873 338 ιιθιιῠιιιιιιι
939 329 941 340 .

181 439 336 510 labaotto
353 438 485 512 aalma,
525 439 696 502 Nouissimas
721 439 811 500 editor
835 439 919 500 docet
942 437 971 497 id
991 439 1031 500 tta
1048 455 1110 498 ease
1126 439 1278 519 intelligen-

189 535 269 612 dam,
288 534 368 596 ludos
386 519 547 598 honorarius
559 535 731 596 Liberalibus
743 535 914 612 potissimum
933 531 979 608 edi
996 533 1188 602 consonuisse„
1208 535 1279 596 Gra·
1313 565 1314 600 ι

191 639 252 689 tom
270 629 344 688 foret
362 639 420 688 tam
438 637 515 688 certa
532 628 589 688 fida
608 638 693 686 unum
710 629 808 686 saltem
828 626 1028 707 de'triginta
1014 625 1072 684 istis
1090 625 1188 686 diebus
1205 625 1279 706 iono-

181 731 309 798 *arcere
328 721 377 782 sed
397 731 501 797 metuo,
521 741 558 780 ne
576 718 650 800 aiud
663 720 736 800 'quid
754 719 855 778 Festus
874 719 983 778 dixerit.
1021 717 1125 776 Notum
1144 733 1207 779 esse
1224 721 1314 800 opi·

190 831 244 875 nor
263 815 467 873 Tertullianum
485 797 634 894 plurimum
651 815 737 872 Festo
757 831 835 877 usum
856 831 933 888 esse,
959 823 988 872 et
1013 818 1222 890 expectaueram
1247 811 1280 869 ad
1313 845 1314 898 ι

190 905 265 967 istud
284 905 364 966 Pauli
382 908 483 967 lemma
506 919 538 966 ιιι
557 916 765 988 apponerentur
782 907 829 964 illa
849 908 907 965 eius
926 906 963 965 de
980 915 1102 984 spectac.
1120 923 1147 966 c
1160 913 1193 965 1ι
1219 925 1281 966 ncnc
1313 935 1314 940 ι

132 1075 136 1086 .
190 1005 218 1059 et
233 1017 295 1058 oum
314 1003 465 1078 promiscam
483 999 541 1060 lodi
560 1000 703 1062 altaalta
722 1007 900 1071 uooorcabsr,
926 1001 1064 1058 uelau-
1083 1017 1150 1058 ιιιιιι
1168 1007 1197 1058 at
1216 1001 1281 1060 ubas
1313 1033 1314 1086 q

189 1089 273 1153 ludos
290 1096 410 1152 comicos
424 1093 568 1172 liberatio
585 1093 721 1154 uocabant
738 1101 928 1171 praeterquam
940 1091 1044 1152 Libar'o
1061 1091 1182 1152 douolos.
1216 1095 1282 1151 llius
1313 1097 1314 1172 ξ

190 1179 246 1246 triu
264 1185 436 1256 efficiuntur,
456 1187 571 1247 Festum
592 1189 639 1247 uel
656 1187 783 1246 Verrium
798 1184 867 1246 nihil
888 1186 953 1244 noui
972 1181 1097 1244 docuisse
1115 1187 1152 1244 da
1170 1187 1282 1244 Libera·

189 1276 273 1362 llbua,
293 1297 366 1356 quae
384 1288 463 1338 erant
481 1281 547 1338 XVl
560 1281 614 1368 Kl'
631 1281 713 1359 ιρι,
730 1280 780 1338 sed
799 1281 865 1338 illud
885 1299 985 1340 nornen
1000 1281 1092 1358 aliquo
1112 1289 1282 1355 argumento,

179 1355 239 1430 'uel
257 1370 383 1450 exemplo
403 1351 534 1450 generale
553 1352 731 1448 ιιιιιιιιιιιιι,
748 1372 867 1450 denique
885 1375 1046 1432 honorarius
1060 1373 1135 1432 Festi
1151 1372 1199 1429 uel
1214 1372 1282 1432 Ver-

190 1463 225 1522 ιιι
243 1472 336 1534 aetate
355 1467 509 1546 appellatos
524 1485 584 1526 esse
598 1467 678 1526 ludos
694 1465 739 1524 uel
751 1483 857 1542 omnes,
877 1466 921 1527 uel
939 1467 1061 1525 manicos
1074 1483 1178 1525 omnes.
1210 1467 1283 1524 Haeo

127 1619 130 1630 ,
190 1557 353 1636 seponenda
365 1569 431 1618 sunt
446 1561 589 1640 tantisper,
609 1559 674 1618 dnm
688 1558 798 1618 aliunde
816 1561 906 1619 lucem
923 1560 1049 1638 accipere
1061 1567 1204 1637 poterunt.
1232 1559 1283 1616 Ca·

181 1650 332 1710 sanbonus
356 1652 481 1714 Suetonii
507 1655 593 1714 uerba
620 1653 745 1732 intelligit
769 1652 806 1712 de
829 1655 918 1728 ludis,
938 1673 1008 1733 quos
1020 1653 1093 1710 noui
1111 1654 1284 1729 magistratus

180 1749 293 1824 sponte
315 1763 368 1805 sua
385 1746 423 1806 ad
439 1745 637 1806 demerendum
663 1749 796 1826 populum
815 1757 844 1807 et
862 1743 1018 1806 ambitionis
1038 1764 1122 1806 causa
1140 1745 1284 1819 ediderint,
1312 1787 1314 1796 ι

191 1857 263 1918 quos
288 1827 368 1898 ludos
393 1840 549 1918 spectacula
573 1843 687 1920 priamo
710 1839 808 1900 dixerit
831 1841 910 1900 Suet.
937 1839 1006 1898 Ner.
1026 1845 1062 1898 21
1089 1847 1122 1897 et
1141 1837 1284 1916 Lamprid.

123 1949 124 1952 ’
191 1930 275 2010 Elag.
290 1937 338 1992 23.
375 1933 502 1992 Eandem
521 1936 703 2009 sententiam,
731 1933 835 1992 omissa
853 1945 945 1994 tamen
969 1933 1097 1992 ludorum
1115 1932 1284 2011 priuatorum

190 2025 350 2102 mantione,
374 2028 421 2106 qui
440 2047 499 2086 mos
518 2029 569 2089 sub
589 2029 713 2104 Angusto
731 2027 863 2104 inuoluit,
890 2029 945 2088 Dio
964 2029 1011 2098 bb,
1030 2027 1087 2100 at,
1113 2025 1164 2085 sed
1182 2026 1286 2085 alienus

192 2125 236 2177 est
254 2120 290 2178 ab
308 2119 361 2180 bac
378 2129 422 2196 re,
440 2123 620 2200 perscriptam
639 2121 749 2180 inuenio
769 2139 786 2178 a
805 2121 933 2180 Vinando
951 2120 1049 2197 Pighio
1070 2119 1097 2176 in
1117 2130 1286 2179 commenta·

191 2211 235 2272 rto
253 2210 291 2272 de
308 2211 387 2274 fastis
405 2216 489 2274 nactis
506 2213 610 2274 inedito
629 2213 671 2273 his
689 2214 796 2274 uerbisr
822 2219 911 2274 Pnout
928 2216 1000 2272 euim
1013 2215 1126 2289 queisque
1136 2231 1210 2272 ιιοιιο
1225 2233 1287 2272 ma-

192 2307 314 2380 gistrum
327 2308 371 2366 uel
382 2309 484 2369 bonore
501 2317 562 2370 crat
578 2311 735 2386 lasipoitua,
754 2307 834 2368 ludos
853 2325 889 2368 aa
905 2325 959 2368 suo
976 2303 1179 2382 mopaifioeulio
1197 2327 1287 2386 popu·
1313 2349 1314 2356 ι

194 2397 266 2476 iuris
284 2419 371 2462 aurae
382 2403 535 2480 captandus
551 2407 644 2481 qratia
663 2419 712 2482 por
730 2399 1082 2480 supplantandorum.
1110 2401 1204 2471 Quum
1220 2419 1288 2460 oou-
1313 2445 1314 2480 3

132 2509 136 2517 ¹
183 2491 257 2550 'rom
269 2511 327 2553 asae
339 2503 479 2573 putmnuq
497 2505 530 2556 ut
546 2505 572 2556 et
586 2497 729 2558 laborabo
747 2495 804 2556 cbo
821 2498 928 2556 aomina
942 2499 1023 2554 Festo
1038 2499 1149 2554 octotms
1166 2493 1289 2554 duaren-

192 2589 252 2661 ttu,
271 2587 344 2665 quod
361 2593 427 2650 aaut
444 2589 557 2650 bonoria
577 2593 657 2652 initio
676 2609 711 2650 aa
729 2589 815 2650 libero
838 2604 887 2648 seu
911 2605 987 2648 moro
1010 2591 1104 2665 potius
1126 2585 1290 2648 iiberalitate

193 2677 393 2743 θιίἰιθιιιιιιι.
438 2683 594 2744 Fatendum
621 2694 664 2744 est
677 2692 752 2763 post
769 2684 884 2762 Augusti
910 2691 1026 2740 mortem
1051 2679 1122 2737 tales
1147 2679 1227 2738 ludos
1253 2684 1289 2740 ab

193 2769 325 2834 omnibus
344 2773 406 2835 iera
432 2778 634 2856 magistratibus
657 2778 747 2837 laotos
772 2787 801 2834 et
825 2774 975 2855 aliquando
997 2774 1182 2852 quotannis:
1185 2783 1290 2834 statum

194 2873 305 2947 tempus
322 2869 452 2930 ludorum
471 2864 665 2930 consularium
672 2887 689 2928 a
707 2870 874 2950 Symmacho
892 2887 959 2948 epp.
977 2870 1009 2940 t,
1023 2865 1158 2924 «laKal.
1173 2867 1233 2926 lan.
1253 2869 1291 2926 ad

189 2955 374 3024 ttonllebr.
395 2965 482 3036 tradi,
507 2961 664 3044 quodcum
691 2973 757 3022 tunc
774 2981 830 3029 non
849 2965 961 3040 triginta
977 2959 1038 3017 dieo
1056 2957 1142 3017 fastos
1160 2960 1291 3020 habuisse

195 3062 321 3132 wustet,
346 3055 413 3118 nibil
437 3077 504 3117 sane
529 3059 660 3137 impedit,
686 3058 831 3136 quominus
857 3054 915 3115 allis
933 3051 1135 3129 magistratibus
1159 3053 1205 3110 alii
1230 3054 1292 3114 dies

67 3199 72 3206 .
195 3165 319 3208 ooncessr
310 3148 448 3212 ’.ιιοιιιι
487 3153 560 3211 Ante
577 3153 730 3230 Augustum
750 3169 817 3230 uero
843 3149 918 3208 nullo
937 3141 1032 3226 plane
1039 3145 1192 3204 testimonio
1211 3149 1294 3206 euin-

195 3237 268 3298 citur
290 3241 374 3302 ludos
397 3246 536 3324 impetrati
561 3243 671 3304 bononis
697 3262 780 3303 causa
805 3249 854 3301 aut
876 3242 915 3299 ab
934 3239 1060 3299 omnibus
1078 3237 1291 3316 magistratibus,

182 3341 246 3392 'aut
263 3334 300 3392 sb
319 3335 381 3396 ullis
398 3340 562 3416 quotannis,
587 3348 697 3397 statoue
716 3347 866 3416 tempore,
891 3345 941 3392 aut
964 3332 1063 3392 dicbus
1076 3343 1202 3420 'propter
1227 3353 1292 3394 eam

115 3491 119 3502 Ι
195 3427 391 3488 causam‘on
409 3430 522 3490 nefastis
541 3431 674 3500 exhibitos
692 3429 793 3508 subse·
812 3431 906 3506 immo,
926 3428 1022 3488 dicbus
1033 3427 1081 3502 iis,
1100 3427 1292 3504 quibosl’om-

194 3519 251 3628 peii
274 3521 374 3596 iterum
400 3523 518 3584 consulis
543 3525 601 3585 ludi
624 3525 739 3603 fiebant,
759 3525 858 3584 Cicero
884 3522 921 3582 ad
943 3521 1011 3580 lam.
1029 3525 1097 3594 ἰιι
1124 3539 1235 3580 causam
1261 3542 1295 3582 aa

196 3613 284 3700 egisse
303 3623 408 3675 narrat.
428 3615 525 3696 ltaque
542 3619 699 3678 Ernestius
704 3637 723 3677 a
740 3617 876 3678 Suetonio
894 3627 980 3676 statos
1000 3623 1029 3672 et
1047 3612 1184 3676 solemnes
1209 3615 1294 3674 ludos

196 3695 334 3786 designari
355 3709 512 3788 intelligens
535 3713 652 3770 coniecit
675 3709 838 3770 honorarios
863 3710 943 3768 ludos
969 3711 1016 3766 eds
1037 3705 1142 3782 suase,
1167 3708 1295 3784 quinon

198 3800 316 3878 antiquis
336 3797 445 3880 legibus
465 3807 605 3874 constituti
623 3805 751 3882 luissent¹
769 3803 820 3862 sed
838 3803 1035 3861 recentioribus
1052 3802 1221 3878 temporibus
1242 3817 1296 3858 ac-

196 3886 328 3952 cesserint
345 3895 381 3955 ad
400 3895 589 3959 honorandam
615 3899 775 3956 memoriam
803 3899 922 3962 uirorum
942 3881 1014 3952 ben'e
1032 3893 1201 3952 meritorum.
1241 3895 1297 3952 Hic

103 4026 105 4030 ι
197 3983 300 4063 aliquid
325 3987 394 4047 uidit
412 3988 448 4048 de
466 3989 621 4051 discrimine
638 3991 784 4070 ludorum,
815 3991 863 4069 qui
881 4009 909 4047 ιι
919 3987 1005 4047 uasta
1025 3987 1128 4046 notari·
1136 4001 1296 4046 consueue-

158 4145 159 4148 ,
197 4086 280 4154 runt3
300 4081 349 4138 sed
368 4081 466 4142 salsam
485 4083 677 4164 etymologiam
697 4084 861 4167 aucrrpaado
881 4102 939 4142 rem
958 4083 1093 4161 peruertit
1106 4079 1297 4166 meoiudicio.

192 4169 311 4236 'Videbis
329 4195 384 4256 quo
400 4195 458 4238 rem
474 4177 620 4257 deducam,
639 4177 714 4240 malo
728 4179 799 4241 enim
814 4177 1005 4258 probabiliora·
1014 4175 1193 4257 prolatando,
1211 4193 1314 4255 quam¹
