2636 4678
449 287 696 358 cnuouonoorca
1026 291 1123 342 ιω

59 463 114 523 quac
135 443 269 522 profertur
284 461 302 503 a
319 443 473 502 Censorino
492 461 517 502 c.
532 445 580 512 20,
601 461 630 520 p.
649 440 704 500 105
723 427 854 518 flauere,
880 409 1124 504 aliorum-*reuutuc
1220 489 1224 496 .
1258 403 1261 410 .

58 541 85 596 sit
97 537 211 596 iudicium
227 557 280 616 per
297 555 394 596 manus
413 536 545 596 traditum
565 545 595 595 et
608 537 743 594 uetustius
762 538 931 612 temporibus
950 538 1018 596 lunii
1032 539 1123 598 Grau·

59 631 120 689 clani
137 641 163 689 et
179 631 216 689 Μ.
237 631 331 690 Fuluii
349 629 498 690 Nobilioris
517 647 573 686 cos.
593 647 666 688 anno
685 627 722 688 V.
737 629 770 687 C.
792 629 858 704 565,
879 631 927 706 qui
945 632 1145 710 antiquissimi¹

27 789 28 794 η
60 735 107 781 sunt
122 742 220 799 eornm,
238 725 284 803 qui
303 741 388 801 super
407 739 480 780 auno
492 722 627 780 Romano
647 723 805 780 nominatim
825 723 984 782 laudantur.
1021 725 1061 784 Μ.
1076 725 1124 783 lu·

60 819 104 875 nius
120 830 201 876 utrum
220 818 256 878 de
274 835 308 876 ea
326 835 357 876 re
376 813 443 873 data
462 831 548 892 opera
567 833 601 874 au
618 816 749 892 singulari
767 815 838 874 libro
853 817 1019 894 exposuerit,
1038 813 1075 877 ou
1094 820 1124 877 in
1204 837 1209 842 ·

60 912 284 970 commentariorum
311 911 405 984 libris,
431 927 502 987 quus
519 908 614 966 Varro
635 907 671 965 de
696 909 717 966 l.
736 909 756 967 l.
777 911 807 984 o,
827 910 865 967 95
888 912 1124 986 comma-orauit,
1171 912 1191 934 ²

27 1029 28 1036 ι
60 1004 201 1080 exploratum
219 1023 275 1074 non
293 1012 345 1062 est.
384 1003 551 1078 Fragmenta
561 1002 629 1060 «eius
648 1001 728 1060 buirus
748 1005 857 1080 generis
873 1013 938 1061 suut
956 1003 1032 1081 apud
1051 1004 1125 1062 Var-

61 1113 131 1154 ronem
147 1096 181 1156 de
197 1099 216 1157 l.
231 1099 252 1159 l.
267 1095 299 1174 6,
313 1101 368 1172 ³³3
386 1096 475 1155 Maur.
497 1099 587 1169 1,1s,
607 1113 637 1171 p.
649 1096 721 1170 26³3
741 1097 857 1154 Censor.
868 1101 920 1172 20,
940 1096 1056 1174 p.·rou;
1069 1103 1126 1173 22,

61 1205 80 1265 p.
88 1192 141 1265 119,
155 1187 223 1268 quae
237 1191 353 1249 abacos
367 1199 434 1247 sunt
447 1197 579 1276 annotata
588 1184 722 1264 :delique
732 1206 774 1246 -ex
792 1187 864 1247 aliua
880 1193 1033 1267 argumenti
1050 1191 1126 1250 libris

62 1279 102 1339 cios
117 1284 210 1359 multu,
229 1301 314 1362 qoam
334 1281 425 1340 adbuc
442 1281 547 1340 facturn
566 1289 627 1356 est,
647 1282 803 1358 diligentins
822 1299 839 1341 e
856 1283 1009 1361 cicorum
1027 1287 1126 1362 Festo,
1181 1359 1182 1362 Ἴ

62 1375 129 1434 Gellio
145 1379 291 1455 conquisita
316 1375 395 1434 dabit
418 1375 580 1454 propediem
604 1376 706 1434 amicus
725 1376 838 1456 quidam
854 1373 966 1455 noster,
992 1379 1080 1438 ouius'
1095 1379 1126 1438 in

63 1470 198 1543 pmuiociam
223 1471 351 1528 iuuolore
374 1469 455 1528 buius
480 1470 533 1527 loci
558 1487 614 1528 nun
640 1477 707 1530 ost·
745 1462 1125 1531 autumnitanorum

64 1564 239 1623 cuulastorunr
258 1562 401 1636 tabularu,
421 1561 466 1620 uel
485 1562 593 1621 tabulas
614 1563 840 1622 ase-coniectas
862 1564 890 1622 in
909 1563 979 1623 aede
999 1563 1127 1624 Herculis

65 1652 169 1716 liuanur
185 1657 313 1735 posuerit
337 1663 409 1714 berte
427 1654 514 1713 Maur.
537 1661 567 1729 1,
587 1659 635 1730 12,
654 1675 685 1735 p.
696 1659 763 1731 ²44,
790 1667 849 1714 turn
875 1660 956 1716 etiarn
980 1658 1065 1716 libros
1083 1656 1128 1718 de

65 1747 134 1806 codun
149 1759 310 1829 arguamur
329 1749 519 1826 eompunuisse
531 1748 652 1820 uidetur,
670 1752 718 1828 qui
739 1759 843 1828 quanta
855 1752 1018 1810 auctoritate
1035 1751 1128 1810 entim

63 1840 153 1919 lucum,
176 1846 258 1904 doo'et
276 1845 357 1903 locus
375 1843 469 1900 Goelii.
483 1841 620 1920 Antipatri
646 1861 664 1900 u
683 1843 963 1910 cboffioadbltiurs
983 1852 1012 1920 1,
1030 1865 1060 1923 p.
1071 1851 1129 1904 112

63 1931 95 1992 s:
108 1938 252 1999 Puillootoc'
268 1939 369 2014 qrcippu
386 1935 480 2008 fustor
494 1951 587 1994 omnm
604 1942 631 1993 at
649 1936 734 1997 birros
752 1955 772 1996 o
790 1936 890 1996 ibbo
903 1937 1042 2000 Nobiliori
1055 1941 1128 2000 cort-
1194 1971 1196 1978 ·

63 2035 108 2101 ptos
123 2032 250 2104 corioro,
277 2047 351 2109 quae
369 2026 576 2093 uerbanescio
600 2045 639 2087 ou
657 2049 692 2090 ex
706 2047 762 2090 nou
779 2032 913 2092 emmonis
931 2020 1014 2090 latini
1025 2034 1074 2090 uix
1091 2033 1129 2094 de

63 2121 103 2179 clia
116 2141 141 2184 re
154 2125 329 2204 interpretari
352 2122 453 2197 boeot,
478 2126 525 2180 ac!
539 2121 576 2179 de
601 2122 711 2181 homino
736 2123 828 2202 aliquo
853 2126 882 2182 in
901 2142 933 2184 re
948 2135 1129 2208 *annonaria

63 2217 145 2291 publice
159 2220 191 2277 ad
204 2219 299 2278 Fuluii
316 2217 421 2295 scriptu
439 2225 621 2294 prouocanto.
641 2217 686 2274 Ex
705 2219 901 2280 commentario
922 2218 1014 2294 aliquo
1033 2218 1128 2278 huius·

64 2309 118 2366 nodi
131 2313 291 2372 luculentam
309 2321 419 2390 partem
432 2310 598 2368 Laurentius
611 2307 707 2385 Lydus
725 2311 871 2370 transtulit·
882 2313 910 2369 in
930 2311 1030 2384 librum
1047 2329 1129 2372 auum

65 2399 215 2482 botentin,
234 2422 300 2484 cap.
315 2407 378 2464 lb.
400 2401 564 2476 Proximus,
584 2403 632 2478 qui
652 2409 728 2459 certo
746 2414 838 2463 aetate
855 2404 893 2464 de
911 2406 977 2463 anni
995 2406 1130 2483 tempori·
1242 2467 1245 2482 ,

65 2491 101 2550 bur
114 2500 216 2576 scripsit,
233 2509 277 2560 est
296 2498 337 2556 Μ.
357 2497 507 2578 Terentius
525 2496 628 2571 Varro,
647 2503 778 2573 utputo,
797 2497 825 2555 in
844 2497 917 2556 libris
936 2500 1130 2578 antiquitatum

65 2583 227 2652 hunanarnmr
256 2605 377 2671 quorum
403 2609 465 2648 cunr
493 2607 564 2648 unua
577 2589 703 2648 testibus
730 2590 807 2650 Gall.
831 2596 914 2666 3‚-²,
940 2592 1029 2652 Macr.
1049 2599 1078 2669 l,
1098 2599 1130 2669 tl,
1156 2609 1159 2616 ’

66 2687 135 2754 pus
150 2687 181 2748 ι.
196 2685 292 2745 auur
309 2685 412 2759 coeat,
439 2683 595 2742 interfuerit
612 2685 644 2740 ro
664 2684 745 2742 eoam
765 2685 829 2758 rue,
855 2701 938 2763 queo
963 2685 996 2743 a.
1013 2685 1132 2753 mue.
1169 2689 1171 2694 ·
1194 2669 1213 2720 ἰ

66 2769 190 2852 &mlum
209 2779 296 2838 tradit
314 2777 429 2836 Seruius
449 2777 485 2837 ad
505 2779 573 2836 den.
593 2781 622 2851 8,
640 2778 714 2836 526ι
740 2777 859 2836 medium
877 2779 960 2854 igitur
977 2780 1130 2838 interillos

66 2863 155 2942 aliquem
171 2873 316 2950 probabile
333 2883 376 2929 est
394 2871 427 2930 de
445 2874 528 2928 anuis
544 2871 640 2946 fuisse,
657 2873 696 2929 ita
716 2871 788 2928 enim
807 2874 952 2928 consueuit
965 2873 1005 2930 Μ.
1020 2875 1131 2932 Toren-

66 2957 111 3018 t'us.
141 2963 252 3024 Restant
271 2965 330 3023 duo
349 2965 535 3042 grammatici,
554 2980 672 3042 quorum
691 2963 798 3024 deliniri
816 2973 927 3041 oportet
946 2975 1076 3039 aetatem,
1095 2965 1131 3022 L.

67 3049 149 3112 Cincius
163 3047 190 3116 el
209 3060 357 3118 Cornelius
375 3059 480 3118 Labeo.
520 3058 598 3115 Lucii
618 3058 706 3116 Cincii
730 3057 786 3114 dno
811 3058 908 3116 saltem
928 3055 1012 3134 plarm
1031 3057 1133 3116 diuersi
1164 3109 1171 3121 c

67 3157 302 3226 tcuueoorantor,
328 3152 468 3210 annalium
488 3153 606 3229 scriptor
625 3151 780 3228 notissimus
799 3151 962 3226 cognomine
980 3150 1134 3208 Alimentus
1192 3151 1198 3160 '

70 3242 163 3313 itupore
180 3245 242 3304 belli
260 3245 359 3304 Punici
377 3245 490 3304 secundi
510 3254 539 3302 et
556 3247 715 3322 negotiator
733 3245 862 3321 quidam,
881 3253 914 3301 ut
933 3242 1053 3319 uidetur,
1072 3243 1134 3300 Ro·
1162 3267 1164 3270 ·

27 3373 28 3376 ,
69 3341 139 3390 muns
155 3336 180 3393 in
198 3337 341 3398 Ciceronis
360 3357 426 3416 epp.
445 3338 482 3396 ad
500 3338 604 3413 Atti,
622 3341 642 3394 7
663 3345 693 3394 et
711 3337 855 3414 aliquoties
880 3348 1040 3414 praeterea.
1080 3337 1135 3395 Vix

68 3418 128 3494 igitur
143 3433 221 3508 magis
239 3447 354 3490 necesse
379 3440 421 3491 est
447 3431 648 3494 eum'Luciurn
666 3429 806 3500 Cincium,
831 3429 878 3512 qni
897 3431 1017 3516 alFesto
1035 3451 1066 3510 p.
1075 3433 1134 3488 218

27 3527 28 3534 ¹
67 3508 139 3576 llucll.
161 3519 293 3583 nominari
319 3527 413 3602 utique
439 3525 565 3598 uidetur,
588 3522 673 3582 lotoe
699 3526 837 3583 annalium
863 3535 1024 3600 auctorem,
1051 3542 1134 3602 quarn
1225 3518 1230 3524 ’

67 3602 343 3692 subrogatorum:
365 3620 452 3694 uaria,
472 3616 545 3697 quae
563 3617 614 3674 sub
633 3617 719 3676 Cincii
737 3621 848 3679 nomine
867 3619 943 3697 apud
961 3619 1074 3676 Festum
1094 3620 1136 3676 al-

68 3695 183 3783 legurm,
201 3713 305 3789 scripta
323 3713 445 3770 eiusdem
465 3730 525 3769 esse
544 3710 661 3769 hominis
680 3715 820 3789 conuenit,
841 3715 892 3772 nisi
913 3713 1058 3770 manifesto
1076 3713 1134 3770 dis*

69 3793 143 3868 ciuilia
159 3801 311 3864 babuerunt
329 3815 510 3884 argumenta3
534 3807 716 3882 nequeenim
736 3807 764 3864 iu
783 3809 848 3884 ipsis
863 3805 1004 3864 Aeliorum
1020 3807 1137 3864 nomirri·

70 3881 107 3943 ¹³¹1!
122 3890 362 3975 piammonem,
388 3899 429 3957 uti
456 3898 542 3956 uideri
561 3898 648 3976 possit
673 3899 762 3958 obiter
786 3901 905 3976 legenti,
929 3901 1026 3976 positis
1050 3898 1137 3957 errari
1183 3908 1187 3916 '
1271 3911 1273 3920 ’

27 4043 28 4066 ,
69 3993 144 4051 lmus
157 3999 196 4045 est
208 3991 334 4070 Verrius,
348 3990 581 4072 quemadmodum
595 3991 835 4064 demonstrabitur.
866 3994 938 4050 Cum
950 3993 1033 4070 igitur
1046 4009 1137 4069 gram·

71 4075 150 4137 otuu
167 4083 299 4162 pleraque
316 4088 389 4163 siut,
409 4104 482 4164 quae
502 4085 589 4143 Cincii
607 4094 704 4144 extant
722 4085 798 4164 apud
816 4087 948 4162 Furtum,
972 4103 1095 4163 cumque
1108 4081 1138 4140 id

71 4181 147 4247 grum,
165 4177 238 4257 quod
255 4180 336 4241 multi
352 4179 509 4240 iudicarunt
527 4189 556 4242 et
574 4197 656 4240 neum
674 4198 732 4240 uon
751 4180 836 4252 uidet,
851 4197 911 4238 uon
930 4181 1034 4261 optime
1052 4175 1139 4248 Cincii
