2636 4678
212 247 259 298 nx
673 245 849 295 manontes
936 214 944 232 ⁸

214 397 957 480 dsqnontdcinirevarronislibadssocsllis,
982 409 1012 460 et
1036 397 1294 464 demudumusr·

215 515 296 553 sunm
314 498 383 570 7⁰7,
401 513 459 571 sq:
593 499 649 542 '-
664 501 748 552 issue
764 501 850 552 sainte
861 493 984 572 Pltilippi
1313 482 1314 536 ἒ

413 591 452 646 Et
467 603 582 662 quorem
598 589 708 662 morsis
725 587 834 646 ossibus
850 587 923 646 alisi
939 588 1050 646 tomo.
1091 651 1097 666 Ι

215 682 307 740 Possit
331 681 376 738 lric
402 679 564 753 offendere,
592 679 669 756 quod
693 679 730 738 de
754 699 785 738 se
809 681 875 757 ipsis
900 681 1082 738 testimonium
1102 681 1154 739 illis
1173 679 1294 753 defertur,

214 773 447 853 quemadmodum
466 775 494 830 in
512 773 585 830 male
604 772 700 831 habito
719 773 896 831 Ponticorum
915 775 978 831 loco
997 779 1026 845 ³,
1045 779 1074 846 2,
1092 779 1146 833 ²³2

414 870 478 927 ator
496 866 550 924 lonc
569 870 688 924 contenti
704 869 798 944 mtto,
817 868 980 945 signentque
997 867 1086 926 linelrit

451 963 574 1035 ruspari·
591 958 697 1033 fadum
716 979 759 1018 mc
776 979 881 1036 quoquc
898 968 965 1019 teste
982 979 1076 1032 suom3

214 1055 262 1112 nbi
280 1057 423 1130 eipocstpre
439 1053 631 1130 corrigendum
649 1065 730 1132 puto.
769 1053 871 1111 Differt
898 1055 982 1112 etiam
1000 1055 1146 1113 Fastorum
1171 1058 1246 1115 locus
1267 1060 1295 1114 sl
1314 1053 1315 1060 ’

182 1149 184 1162 “
214 1148 267 1206 iltis
285 1152 316 1221 o,
329 1151 387 1204 765
405 1167 460 1223 sq,
479 1147 605 1224 Propert.
625 1154 655 1221 3,
674 1149 705 1221 5,
725 1152 763 1206 37
781 1149 848 1221 lac,
868 1147 955 1207 Ouid.
975 1148 1034 1206 lter.
1054 1153 1101 1218 2⁰,
1117 1154 1171 1207 101
1186 1171 1228 1228 sq.
1262 1153 1296 1208 lix

214 1260 250 1301 eo
268 1235 361 1305 tamen
380 1239 512 1317 loquendi
531 1259 582 1298 usu
596 1251 719 1298 nostrum
739 1243 877 1317 explicare
890 1243 974 1316 malo,
994 1261 1076 1319 quarn
1096 1245 1315 1301 ansemundus

216 1340 244 1395 tt
259 1353 392 1412 qtrorum,
416 1343 465 1391 aut
482 1337 591 1411 sparsis
610 1334 646 1392 de
665 1335 724 1392 aliis
745 1355 800 1391 noo
820 1333 969 1411 Philippis,
994 1335 1043 1393 sed
1063 1335 1178 1394 diuersis
1198 1339 1224 1395 in
1242 1339 1295 1395 locis
1315 1405 1316 1420 ,

215 1431 312 1488 ncckis
330 1430 465 1505 accipere.
497 1428 571 1485 lnest
590 1428 632 1484 uis
650 1436 680 1485 et
696 1438 838 1497 uenustas,
858 1447 942 1503 quum
958 1429 1036 1505 quasi
1055 1430 1194 1488 obliuione
1210 1431 1296 1508 sepulti
1315 1423 1316 1462 t

214 1523 261 1582 isti
280 1541 335 1580 nort
354 1522 455 1601 sepulti
473 1522 636 1580 excitantur.
675 1521 791 1594 Eorum,
811 1539 884 1598 qnae
902 1521 938 1578 ad
958 1521 1140 1580 Octauianum
1161 1525 1297 1601 pertinent,

214 1611 392 1675 memorabile
411 1625 453 1672 est
471 1615 538 1671 illud
559 1621 587 1686 l,
606 1615 664 1672 589
683 1634 726 1691 sq.
750 1613 788 1672 de
805 1617 921 1690 Augusti
943 1615 1128 1692 appellatione
1149 1626 1181 1675 et
1199 1619 1297 1695 prouin-

214 1713 263 1770 ciis
283 1709 404 1768 redditis.
433 1708 551 1766 Videtur
570 1708 613 1764 tric
631 1726 666 1764 ex
683 1707 817 1764 fastorum
837 1709 1077 1766 Praenestinorum
1096 1712 1250 1786 cognitione
1264 1713 1297 1769 le·

213 1805 257 1862 nis
278 1802 377 1880 culpae
395 1803 503 1860 macula
523 1801 626 1860 Ouidio
645 1801 772 1878 aspergi,
799 1803 846 1877 qui
867 1801 964 1858 eodem
989 1801 1034 1859 die
1052 1802 1148 1860 Iduum
1169 1811 1199 1864 et
1217 1807 1298 1880 Augu·

214 1910 287 1956 stum
305 1896 460 1974 prouincias
475 1893 624 1952 reddidisse
639 1894 715 1971 dicit,
735 1904 764 1952 et
776 1913 811 1951 ex
823 1895 855 1952 S.
865 1895 898 1952 C.
913 1895 1066 1974 populique
1079 1897 1224 1979 uoluntate
1240 1897 1296 1954 illud

212 2009 368 2068 cognomen
388 1990 529 2067 adeptum.
570 1988 686 2047 Verrius
703 2005 783 2061 uero,
802 1998 833 2044 ut
851 1989 1033 2046 Censorinum
1051 2001 1079 2047 et
1099 1989 1230 2053 Omsiurn
1247 1993 1298 2049 lon·

217 2087 278 2164 gius
297 2083 469 2142 discedentes
488 2084 637 2152 mittamus,
655 2081 723 2138 illud
743 2083 821 2159 prius
839 2081 939 2150 Idibus,
961 2081 1014 2141 ltnc
1030 2085 1147 2145 alterum
1166 2085 1243 2142 XVll
1259 2084 1298 2140 tit

214 2181 300 2239 Febr.
320 2179 425 2237 lactum
445 2175 543 2248 tradit,
567 2184 653 2253 atque
676 2176 750 2236 istud
776 2175 887 2253 quidem
911 2175 978 2232 satis
1003 2177 1163 2252 manifesto,
1191 2181 1244 2237 lroc
1265 2179 1299 2236 ltis

208 2275 308 2334 ,uerbis
337 2273 470 2331 seruatis:
506 2271 749 2329 lMP.CAESAR
758 2309 923 2327 .........
948 2269 1082 2332 PPELL.
1093 2273 1199 2334 .TVS.
1212 2273 1298 2332 lPSO.

214 2364 537 2440 V11.ET.AGRlP[pc
556 2369 640 2434 cosa]
667 2361 830 2439 Cogitabam
856 2361 891 2421 de
915 2363 1070 2440 supplendo
1095 2384 1151 2422 non
1170 2368 1300 2443 Augusto,

209 2463 265 2521 ‘sed
284 2463 411 2534 Principe
417 2479 426 2528 ς
445 2457 494 2514 sed
514 2457 598 2515 habet
616 2443 681 2531 hoc,
700 2476 750 2516 cnr
768 2455 922 2532 displiceat:
959 2457 1029 2516 Esto
1047 2459 1142 2535 igitur,
1163 2471 1301 2538 utrumque

214 2555 385 2613 coniunxisse
399 2551 542 2623 Ouidium,
561 2569 617 2608 non
635 2549 802 2625 ignorantia,
820 2547 870 2605 sed
887 2567 943 2625 qno
961 2551 1052 2629 aptius
1070 2553 1137 2610 illud
1156 2573 1300 2632 cognomen

214 2648 330 2718 rossan,
349 2665 379 2702 u.
398 2647 471 2712 cos,
489 2627 586 2700 riatur
604 2643 676 2716 utet,
697 2642 807 2715 idibus,
826 2645 995 2702 conueniret.
1033 2646 1137 2704 uerum
1156 2648 1224 2724 qua
1241 2647 1301 2705 rtur

214 2759 275 2800 esse
294 2740 416 2796 dicamus
435 2737 584 2811 acuminis,
611 2735 686 2815 qnod
711 2736 832 2792 omnium
857 2735 1049 2796 historicorum
1072 2739 1137 2797 ftdei
1160 2751 1301 2819 repugnat,

213 2833 346 2913 quodque
370 2831 450 2910 pueri
474 2829 558 2888 hodie
582 2832 681 2888 rectius
706 2839 820 2902 tenent,
848 2848 909 2887 curn
930 2850 957 2887 u.
977 2832 1035 2890 589
1059 2837 1148 2891 nornis
1165 2838 1301 2910 prouincia

213 2925 323 2988 reddita
340 2921 461 2984 dictust
488 2924 566 3003 quasi
584 2922 621 2982 de
640 2922 699 2982 ulla
718 2923 859 3000 prouincia
877 2925 1001 3000 ignotum
1020 2940 1081 2984 esse
1098 2928 1244 3004 potuisset,
1262 2947 1303 2987 es-

211 3031 293 3082 setne
311 3019 450 3092 Caesada,
468 3037 504 3076 an
523 3018 619 3096 populi
637 3015 766 3074 Romani.
806 3017 889 3074 Solus
907 3016 948 3075 lo.
968 3015 1139 3076 Schraderus
1157 3023 1256 3080 mirum
1273 3023 1302 3080 il·

207 3116 262 3182 'lud
281 3133 367 3191 genus
385 3104 515 3193 loquendi
539 3111 615 3190 apud
635 3109 766 3169 Ouidium
785 3109 996 3184 animaduertit,
1021 3113 1171 3172 emendare
1189 3118 1303 3174 animum

213 3227 270 3268 non
289 3208 405 3266 induxit.
435 3205 528 3265 Credo
548 3207 613 3263 olim
632 3205 764 3280 scripturn
782 3202 867 3260 luisse
879 3203 998 3277 imonis,
1017 3204 1082 3264 inde
1100 3205 1213 3278 lactum,
1234 3210 1303 3288 quod

214 3299 296 3358 codd.
317 3301 463 3376 plerosque
482 3301 585 3357 habere
604 3297 699 3369 uides,
726 3314 793 3371 pro:
819 3295 993 3372 Rcddltnqoc
1010 3297 1135 3356 imrnunis
1153 3307 1303 3377 promocio,

213 3395 268 3452 ltoc
286 3401 329 3450 est
348 3392 411 3468 belli
429 3393 570 3464 irnrnunis,
590 3393 699 3467 quieta,
719 3390 765 3446 nui
784 3391 870 3448 nuum
888 3400 941 3461 est,
959 3391 999 3446 uti
1019 3391 1116 3448 Cicero
1136 3394 1172 3450 ad
1191 3393 1304 3470 t'atn.2,

214 3490 253 3544 17
271 3485 348 3558 dixit,
367 3484 442 3560 qnod
461 3485 612 3560 opponitur
629 3484 752 3540 morosis
770 3483 928 3560 prouinciis,
948 3501 1017 3561 quas
1033 3484 1145 3544 Verrius
1164 3487 1242 3550 dixit.
1269 3491 1305 3550 ltu

166 3599 169 3618 ¹
204 3579 321 3658 scripsit
340 3576 456 3636 Ouidius
475 3575 544 3634 ittet.
567 3579 681 3646 t,100=

441 3666 546 3728 Mollia
564 3685 677 3726 scurras
694 3668 860 3744 paragebant
879 3670 939 3728 otio
955 3677 1065 3746 protest

440 3766 511 3837 lpse
529 3777 634 3837 qumque
651 3760 777 3820 immunis
796 3771 942 3840 curuoque
960 3765 1079 3840 intucta,
1097 3783 1146 3826 ttac
1160 3768 1228 3828 allis

438 3859 546 3915 sunto
563 3853 717 3914 conteritur
735 3887 773 3902 -··
793 3857 882 3916 auus.

213 3962 243 4013 ct
260 3955 291 4029 7,
311 3954 383 4010 229:
439 3979 479 3996 ι·-
498 3967 581 4025 serpo
598 3965 662 4008 erus
679 3950 805 4008 imrnnnis
824 3954 940 4027 Enipeo.
956 3985 995 4000 -

211 4047 369 4105 Proximum
388 4063 510 4122 quoque,
530 4041 606 4121 quod
624 4043 699 4102 Non.
715 4043 799 4101 Febr.
819 4045 936 4102 traditur
955 4045 1031 4123 apud
1045 4045 1185 4121 Ouidium,
1205 4048 1242 4108 de
1254 4049 1306 4108 Pa·

214 4141 263 4199 tris
280 4139 391 4198 Patriae
409 4138 571 4217 cognomine
590 4136 617 4195 in
636 4139 787 4213 Augustum
807 4135 911 4196 collato
927 4156 944 4196 a
963 4139 1040 4200 rasis
1056 4138 1241 4201 Praenestinis
1261 4161 1307 4204 nc·
