2678 4668
474 283 567 374 cm·
589 285 693 336 uano
1011 289 1128 342 iuml!

62 465 83 524 p.
91 447 136 504 m
152 441 203 504 aa.
222 439 381 521 usurparit,
399 458 560 522 quanquam
578 437 737 500 Labeonem
754 444 861 500 tantum
881 439 1018 503 nominata
1042 441 1122 522 qnori
1270 460 1273 476 ·

62 557 109 598 cnm
123 539 144 597 is
160 537 237 597 etiam
255 536 284 596 in
302 535 373 594 libro
391 535 430 596 de
447 537 563 595 ostentis
578 533 689 609 iecerit,
707 533 755 591 ubi
773 550 800 592 o.
814 537 833 589 3
848 542 877 591 et
887 535 926 590 42
939 533 1035 596 Labeo
1046 537 1124 598 Tar·
1179 538 1181 550 '

62 633 145 692 montis
160 631 239 691 libros
256 630 459 707 interpretatus
475 637 505 688 et
522 627 560 688 de
575 627 737 686 fulminibus
756 635 956 686 commentatus
972 645 1034 688 esse
1051 628 1124 690 clici.
1142 677 1144 680 ,

63 735 102 802 tur,
117 725 163 784 boc
178 725 205 784 in
224 741 256 782 re
272 722 436 800 Fulgentius
454 724 483 782 in
503 739 599 801 expos.
617 733 700 780 ser-m.
720 729 780 779 ant.
799 738 829 798 p.
840 721 899 778 tos
917 719 998 779 scau.
1016 719 1123 786 innume
1197 783 1199 792 ¹

36 871 37 874 ,
63 820 200 893 absolutor,
225 816 272 894 qni
290 816 390 874 similia
407 815 546 873 Labeonis
564 821 778 890 commemorat,
803 821 833 872 et
850 813 938 892 possit
954 813 1070 892 cogitari
1087 815 1126 878 do
1219 849 1223 860 ·

64 912 170 970 Onnelio
181 909 327 980 Labeone,
353 907 563 981 nuntiatione,
589 907 629 965 uti
649 905 749 966 Hosius
772 915 876 966 censet.
914 907 1063 966 Caeterum
1086 907 1126 968 ao

63 1016 130 1064 nnnm
146 1004 295 1084 pertineant
313 1020 388 1080 qnae
406 1017 441 1060 ex
456 1000 590 1059 Labeone
608 999 717 1077 profert
733 999 900 1078 mogontinus
918 997 955 1058 cle
973 999 1028 1059 cin.
1046 999 1076 1060 d.
1093 1006 1125 1077 2,

54 1099 161 1174 ¹113143
178 1101 206 1172 3,
224 1095 287 1172 253·
298 1099 332 1171 8,
352 1100 409 1172 133
427 1097 458 1171 9,
479 1096 527 1168 19,
544 1094 576 1150 in
595 1092 687 1152 medio
704 1092 842 1171 *relinquo
880 1093 926 1154 De
941 1101 1036 1152 neme
1053 1094 1126 1154 Cor·

65 1191 109 1248 nelii
124 1189 262 1268 quaeritur.
301 1189 395 1248 Possit
417 1190 447 1248 in
472 1195 592 1246 mentem
617 1186 731 1262 uenire,
757 1185 896 1246 diuersum
921 1200 978 1246 nnn
1003 1205 1064 1273 ene
1087 1188 1126 1247 ab

66 1283 165 1356 Antistio,
182 1283 319 1341 transiisse
338 1282 413 1340 lrnnc
430 1279 579 1360 aliqnando
597 1279 626 1339 in
646 1287 757 1357 gentem
776 1280 933 1340 Corneliam
952 1289 982 1339 et
999 1280 1127 1340 transtu-

36 1427 37 1440 ,
65 1375 144 1434 brein
160 1393 218 1434 eam
243 1390 400 1452 cognomen
417 1375 607 1435 Antistiornm.
646 1372 678 1434 to
697 1373 765 1452 quin
784 1373 824 1432 ita
842 1373 895 1432 rite
912 1372 974 1432 lieri
991 1376 1126 1454 potuerit,
1184 1399 1189 1412 „
1216 1365 1225 1395 ⁸

65 1469 97 1524 nix
109 1467 189 1526 dubito
206 1475 235 1527 et
252 1465 334 1542 (Qt)
352 1469 461 1528 Antistii
479 1465 618 1526 Labeonis
640 1475 718 1524 aetas
741 1465 882 1526 noffisima
900 1475 944 1526 art
967 1485 1003 1526 cn
1022 1467 1125 1528 Gellio.

66 1559 140 1619 leon
154 1559 208 1620 otus
225 1562 390 1640 suspicionis
409 1577 494 1620 cansa
512 1559 589 1618 nulla
607 1557 700 1634 foret,
725 1558 778 1617 nisi
795 1557 881 1633 baem
900 1559 976 1638 qnod
995 1557 1069 1640 quae
1090 1579 1127 1622 cx
1228 1613 1231 1628 .

68 1651 136 1712 bcm'n
150 1656 288 1730 muctam,
308 1672 365 1714 non
382 1664 448 1712 sunt
466 1653 555 1712 alieno
570 1654 606 1711 ab
620 1653 727 1714 Antistii
745 1656 949 1714 naumann
965 1657 1037 1716 ituris
1053 1672 1127 1734 port·
1177 1649 1179 1654 ’

67 1743 134 1822 litii,
146 1748 201 1808 siue
216 1745 404 1828 pontificalis,
428 1746 530 1808 &nde
546 1746 622 1825 quod
640 1745 799 1806 Macrobius
817 1750 848 1822 a,
865 1749 896 1824 a,
914 1767 945 1826 p.
959 1749 1020 1808 408
1037 1749 1143 1810 mane·

66 1837 115 1898 into
129 1843 224 1902 loberii
241 1840 502 1901 commentariorum
526 1839 625 1900 librum
645 1847 775 1900 oemuunr
793 1842 1039 1918 atsexagesimnm
1062 1843 1124 1902 solo

66 1937 191 2010 cognomine
213 1955 280 1996 osus
306 1935 418 2012 aliegat.
456 1933 560 1994 Verum
586 1933 647 1992 eius
670 1933 745 1992 mooli
770 1932 895 1994 homines
919 1947 950 1994 ut
968 1937 1069 1997 Festus
1095 1945 1126 1996 et

36 2097 37 2104 ἵ
65 2024 185 2088 Mecmbins
201 2031 240 2090 ita
259 2039 388 2100 tenram,
406 2029 429 2086 si
448 2045 534 2085 unurn
553 2027 773 2106 erscmpsemnt,
791 2027 829 2086 ad
847 2041 1021 2088 communem
1039 2047 1126 2086 acon-

66 2120 149 2181 rationir
163 2141 283 2182 normam
304 2123 460 2200 exiguntur.
501 2118 560 2179 Alia
585 2122 692 2179 rabone
715 2139 782 2180 usus
800 2121 966 2180 Vaassenins
983 2119 1125 2180 nnimadu.

66 2215 136 2288 piri
149 2227 256 2296 propter
274 2233 330 2293 ea,
355 2234 428 2295 qnae
445 2206 521 2294 apud
540 2215 711 2274 Macmbium
729 2217 826 2292 pros
844 2214 991 2292 leguntur,
1015 2212 1126 2272 Corne·

67 2303 113 2364 lium
126 2305 272 2370 labeonem
292 2311 435 2388 scripsisse
460 2317 526 2366 ante
548 2308 638 2386 legum
658 2307 833 2366 Hortensiana
859 2307 896 2366 de
915 2305 1045 2377 nundinis
1068 2306 1127 2366 exi-

67 2397 163 2477 stimauit,
180 2421 260 2481 qnam
280 2405 370 2481 legem
389 2421 463 2462 anno
481 2402 517 2461 V.
534 2401 569 2460 C.
588 2403 647 2460 684
665 2419 726 2460 esse
744 2400 934 2478 assignandam
953 2400 1056 2460 ibidem
1075 2399 1126 2460 de-
1200 2399 1211 2470 J

67 2503 207 2555 commemor
226 2499 286 2555 init.
322 2497 354 2555 ld
371 2497 395 2555 si
412 2498 451 2555 ita
469 2495 554 2571 soret,
574 2494 709 2572 negaret
724 2493 844 2554 inmuose
861 2496 924 2573 quis
940 2495 976 2556 ds
989 2494 1120 2556 Corneio
1175 2530 1179 2540 ,

67 2592 285 2651 commentariorum
304 2591 449 2669 scriptore,
467 2598 511 2648 ter
528 2588 688 2647 aVamnne
706 2585 744 2648 oe
760 2589 781 2648 Ι.
793 2590 814 2650 l.
832 2597 1004 2669 nuncupato,
1022 2589 1071 2667 qui
1090 2589 1127 2677 ab
1245 2585 1247 2590 ’

68 2675 104 2733 tiit
117 2680 257 2762 importuno
276 2685 441 2762 cognomine
458 2684 489 2757 b,
512 2683 568 2741 148
587 2681 697 2741 liberari
713 2683 812 2762 possit,
831 2683 855 2740 si
873 2681 913 2742 ita
931 2682 1055 2760 legatnrs
1079 2695 1128 2742 asc

68 2769 166 2853 nmo,
194 2777 337 2839 man
354 2775 419 2836 soto
442 2781 561 2836 macor.
606 2775 665 2836 sen
683 2775 840 2836 masura
864 2776 884 2836 ι.
901 2774 961 2838 roo.
980 2793 1037 2840 ooo
1061 2773 1129 2834 nac

68 2861 117 2922 olor
135 2885 164 2927 cr
184 2871 329 2931 nominatis
354 2889 371 2929 a
394 2887 427 2928 se
451 2870 540 2947 legem
558 2869 735 2928 Hortensium
754 2869 914 2947 ἰςιιοωιο,
937 2868 988 2928 sed
1006 2870 1078 2930 tueri
1096 2885 1128 2930 sa

67 2960 159 3030 Ptlnbse
175 2965 327 3042 patrocinio
346 2964 501 3037 uetustatis,
521 2972 551 3022 et
568 2962 738 3022 Niebuhrius
755 2963 785 3024 lr.
804 2963 842 3024 R.
860 2969 891 3039 2,
909 2966 1008 3041 pali
1026 2963 1128 3026 iudicio

67 3042 129 3124 ligii
149 3073 208 3116 ann.
227 3063 256 3134 1,
274 3073 307 3136 p.
320 3059 379 3118 409
404 3055 441 3116 de
464 3055 526 3134 lege
551 3054 611 3115 loto
633 3072 660 3116 a.
680 3056 716 3116 V.
735 3057 769 3116 C.
788 3058 846 3114 too
873 3057 997 3115 amasio.
1045 3049 1150 3116 anuo?

67 3141 126 3201 tiam
146 3160 331 3226 argumentum
357 3149 394 3210 de
419 3156 512 3208 aetate
531 3149 616 3208 Corn.
635 3148 774 3208 Labeonis
801 3149 859 3227 peti
884 3156 979 3225 posset
1005 3148 1128 3208 aFesto

67 3237 139 3306 llll
149 3239 249 3319 lluell„
268 3244 317 3302 nbi
335 3240 410 3321 quod
429 3241 466 3302 do
480 3242 548 3301 ltlali
567 3243 667 3304 mensis
684 3242 838 3320 neriloquio
849 3251 1026 3320 postremum
1045 3244 1130 3323 poni·

67 3331 110 3384 turc
129 3349 160 3390 on
176 3337 246 3414 quorl
264 3339 321 3416 ipsi
338 3337 398 3413 (iq'si
416 3336 507 3395 solent
524 3337 629 3395 habere
647 3333 744 3409 codd.)
768 3333 834 3394 &aa
851 3336 882 3392 in
899 3333 995 3396 mullis
1012 3339 1129 3398 Lem
1184 3415 1185 3420 η

68 3417 192 3486 littiolilns
207 3427 347 3504 mmifioiu
364 3427 469 3504 fiebunt
486 3469 496 3488 .
516 3470 524 3489 .
533 3469 543 3500 ,
568 3429 629 3487 siue
646 3428 811 3488 Muellerum
829 3431 971 3507 sequaris,
987 3431 1047 3490 siue
1064 3447 1144 3501 nra-¹

68 3503 102 3568 tiu
116 3517 177 3592 noo
195 3521 250 3599 ops
266 3521 344 3598 aaa,
363 3533 452 3584 cornu
470 3522 539 3580 noo
559 3519 837 3582 maurobaccus
855 3521 932 3602 apoc
946 3523 1034 3583 noo.
1050 3528 1079 3597 r,
1091 3528 1130 3582 ra

68 3607 141 3676 biii
156 3617 315 3676 animuum
328 3617 484 3696 ,monuere
508 3614 628 3674 uidetur.
668 3615 776 3676 Temen
800 3617 825 3675 si
849 3615 895 3676 uel
914 3616 1027 3676 Verrius
1045 3616 1129 3676 Flec-

68 3709 102 3755 Ν·
115 3700 164 3764 cim
181 3708 254 3770 libris
272 3711 313 3770 nti
330 3711 434 3790 potuit,
454 3707 586 3770 Ouidium
604 3703 735 3788 potuisse
747 3711 795 3770 nir
813 3711 949 3789 sequitur,
968 3727 1048 3772 nsum
1066 3727 1129 3770 csso

36 3791 37 3800 ³
68 3787 90 3864 ⁵2
99 3793 224 3861 81--108
241 3823 298 3865 non
316 3811 435 3865 constat.

123 3887 230 3956 Ouidius
246 3895 284 3955 de
301 3895 414 3956 ffinoria
433 3895 499 3954 anni
515 3893 635 3954 Romani
654 3900 684 3973 3,
698 3895 849 3956 99-154
867 3896 1011 3974 uulgarem
1031 3894 1130 3956 docto·
1194 3901 1198 3915 ⁸
1252 3895 1256 3908 “

69 3991 114 4036 ¹²¹¹!
126 3999 186 4047 tuae
203 3989 299 4050 aetatis
317 3999 347 4048 et
365 3988 525 4067 posterioris
545 3990 704 4067 opinionem
722 3987 865 4066 sequitur,
884 3986 994 4068 qualern
1013 3990 1129 4068 exponit

70 4063 164 4137 humb.
182 4087 209 4157 1,
228 4089 265 4142 12
282 4093 312 4145 et
330 4089 386 4159 le,
398 4091 434 4142 et
453 4083 529 4142 cuius
546 4083 746 4144 neuntiss’nnos
763 4090 891 4144 auctores
911 4083 1078 4142 Censorinus
1098 4085 1127 4156 l,

71 4161 105 4238 2⁰.
119 4176 207 4246 orno
223 4177 343 4254 ronam,
369 4177 502 4238 suorum
519 4185 549 4238 cc
568 4177 723 4241 rumoso
747 4173 852 4256 nono
889 4172 1026 4238 vuemo
1044 4174 1073 4236 or
1091 4191 1127 4236 oo
