2688 4680
552 299 632 365 aa
757 299 759 304 ·
839 369 842 378 ‚
913 263 926 278 ‘⁵
977 292 1136 355 cosaxrrr
1250 317 1253 328 1

62 444 111 503 illae
128 445 151 503 in
168 444 240 506 libris
256 447 441 527 superioribus
455 466 606 528 eurumque
619 449 722 528 triplici
737 446 842 524 origine
856 415 1004 528 expeditae
1013 433 1126 514 luerint.

62 537 124 605 Quat
140 539 198 614 quia
216 552 393 619 exaggeratas
412 561 430 601 a
449 560 494 600 rue
513 561 574 602 esse
593 544 704 602 minime
722 543 861 612 existimo,
880 563 945 602 non
971 547 1128 622 putauerim
1229 555 1230 560 ’
1313 539 1314 542 “

1186 443 1189 478 l

60 631 140 687 librum
156 632 416 694 Mallersdorfianum
442 637 479 694 ah
504 637 565 713 ipso
587 635 727 694 communi
750 635 871 694 omnium
891 637 1027 716 principio
1045 655 1135 716 repe*¹
1182 695 1188 712 ,

60 721 180 782 tendunt·
192 729 294 804 poterit
318 730 378 787 aliis
402 729 490 787 modis
514 728 646 804 intelligi,
670 747 720 786 cur
743 727 853 806 saepius
878 729 934 788 ullo
959 731 1013 790 alio
1031 731 1127 792 codice

59 817 146 896 optimis
163 817 303 880 Petauiani
322 831 351 881 et
369 821 521 881 llfeldcnris
541 822 681 898 scripturis
702 819 836 896 accedat,
856 841 906 879 cor
923 821 994 881 illiue
1013 824 1126 901 putissi-

59 926 116 967 nun
132 929 235 970 assensu
252 913 328 994 fidae
344 915 523 974 Arundeliani
539 925 567 973 et
581 915 710 974 Vossiaui
728 914 881 991 scripturae
900 917 1125 994 comprobentur,
1148 915 1152 930 “

59 1001 117 1060 uelut
133 1009 237 1082 2,327;
257 1008 329 1082 530;
349 1008 422 1084 5903
442 1011 517 1085 6063
538 1013 565 1079 3,
579 1008 650 1083 4155
671 1007 742 1081 576,
763 1008 831 1082 844,
853 1027 902 1065 cur
920 1017 1065 1086 praeterea
1081 1009 1124 1067 lo·

59 1093 87 1150 cis
101 1095 233 1156 houmeris
251 1099 326 1158 solus
346 1110 502 1181 autlprope
521 1103 596 1160 solus
614 1101 787 1179 prohabilem
806 1100 969 1178 scriptu'ram
986 1100 1124 1172 exhibeat,
1200 1124 1202 1132 ¹

58 1191 255 1267 u2,6a;195;
275 1193 350 1268 6453
369 1197 442 1270 6723
461 1197 534 1271 6763
554 1194 666 1269 a,115;
687 1195 851 1269 18556363
869 1195 941 1268 7³93
960 1193 1033 1269 81⁵3
1051 1194 1123 1253 8592

58 1295 82 1336 ec
97 1284 157 1340 caim
174 1305 227 1363 quo
246 1288 274 1345 in
294 1286 370 1346 hisce
388 1287 471 1346 modo
489 1289 545 1346 leui
563 1305 716 1366 paucarum
734 1286 886 1345 litterarum
905 1285 1060 1344 discrimine
1075 1305 1122 1344 so·

56 1365 98 1430 lent
117 1375 141 1432 in
164 1376 216 1436 hoc
236 1380 308 1439 hhro
326 1381 439 1439 ueriora
464 1383 591 1442 inueniri.
630 1382 702 1440 Cum
722 1379 818 1440 codice
836 1379 982 1439 Moretauo
1000 1377 1127 1438 secundo
1200 1446 1203 1452 ,
1254 1375 1261 1384 ’

57 1470 181 1529 consentire
198 1491 285 1552 saepe
303 1475 426 1532 memini.

111 1567 135 1622 6.
169 1565 266 1624 Codex
292 1565 498 1625 Bauaricus
525 1569 663 1627 secundus
688 1577 802 1627 notatur
829 1571 865 1626 Ε.
906 1564 1034 1624 Eundem
1062 1565 1121 1626 eius

55 1667 113 1710 uun
128 1657 285 1733 impetraui‚
311 1677 395 1736 quem
414 1660 523 1736 prioris.
562 1661 716 1720 iudicatum
734 1661 845 1738 accepis
870 1656 928 1717 corb
948 1655 1122 1719 bibliothecae

53 1741 101 1802 olim
118 1747 466 1817 chaonia-Monacensis
482 1771 511 1812 a.
531 1755 590 1814 594
613 1753 748 1828 foliorum
764 1753 919 1828 eutrapiato
940 1769 992 1810 ceu
1014 1753 1044 1810 io
1065 1760 1118 1812 ool.

53 1844 179 1904 coam
205 1844 329 1904 Formae
348 1854 391 1904 cst
409 1846 558 1930 oblongae,
576 1849 695 1926 scriptus
714 1849 819 1905 minuta
832 1857 914 1902 mauu
929 1842 1028 1904 additis
1044 1839 1120 1922 glos-³
1169 1861 1172 1872 ·
1289 1833 1293 1844 ’

52 1933 136 1992 lemeis
158 1946 185 1996 ct
209 1939 296 1997 uariis
322 1938 464 2016 scripturis
483 1957 501 1996 a
521 1939 604 2017 louge
629 1940 835 2018 posterioribus.
874 1937 1067 2016 Diphthongus
1083 1947 1119 1998 'oe

52 2039 163 2104 nunquam
179 2033 259 2090 aliter
275 2029 364 2109 'quarn
383 2033 501 2110 simplici
519 2050 534 2091 e
553 2041 647 2107 extat,
674 2050 691 2090 o
714 2033 880 2110 plerumque
902 2031 952 2089 eccl
972 2049 1027 2089 uon
1045 2037 1118 2092 senr-

50 2131 90 2189 Ρθτ
103 2137 235 2196 procerum
254 2134 311 2184 est.
342 2125 463 2184 Litteras
481 2127 662 2204 paragogicas
677 2121 788 2182 turmae
806 2124 930 2201 capitalis
949 2123 985 2181 ad
1004 2125 1141 2201 euplum·
1225 2185 1231 2193 .

51 2206 99 2268 don
113 2215 202 2276 hueam
218 2220 400 2278 dextrorsum
423 2219 499 2278 haud
519 2219 630 2277 memini
653 2235 700 2275 me
721 2217 787 2274 alibi
807 2224 893 2293 atque
916 2215 945 2274 in
970 2215 1023 2274 hoc
1047 2217 1117 2275 lihm

51 2299 154 2368 inuenire.
188 2313 370 2390 Bihliopegus
395 2331 445 2372 sex
469 2311 537 2370 lolia
556 2329 628 2388 quae
647 2309 779 2388 ponenda
796 2307 910 2366 luerunt
927 2319 991 2386 post
1008 2307 1059 2367 fol.
1078 2313 1116 2368 18

51 2393 138 2460 insumit
155 2416 217 2482 post
234 2407 289 2466 sol.
302 2409 341 2463 26
368 2416 398 2484 et
424 2413 489 2484 poet
513 2403 564 2464 fol.
577 2405 620 2460 40
643 2419 790 2480 perperam
808 2399 859 2459 lul.
874 2402 1006 2460 truta.
1044 2403 1117 2462 Ante

50 2503 83 2546 me
97 2499 259 2559 contulerunt
280 2501 324 2557 uir
341 2498 438 2558 ductus
457 2477 589 2566 Bitenas,
607 2494 727 2555 fortasse
744 2494 908 2552 Franciscus
927 2495 1123 2572 Burmannus,
1147 2569 1150 2582 Ι

50 2580 70 2636 in
84 2585 120 2645 cd.
136 2591 226 2654 licius.
249 2594 342 2664 1652,
367 2591 417 2650 sed
437 2590 627 2666 negligenter,
655 2599 684 2646 et
703 2588 807 2646 Xauer.
826 2587 969 2648 Werferus
988 2589 1032 2646 uir
1050 2590 1115 2648 olim

50 2671 249 2751 ingeniosissimus
269 2687 333 2765 qui,
358 2683 434 2764 quod
459 2701 494 2740 ex
519 2683 578 2740 eius
596 2680 801 2741 collectionibus
819 2699 843 2739 a·
856 2683 916 2739 uiro
936 2681 1114 2740 illustrissimo

49 2765 107 2830 llud.
119 2775 279 2838 Thierschio
296 2777 363 2840 mihi
381 2776 519 2856 permissis
537 2774 668 2846 intellexi,
688 2773 784 2851 insigni
802 2773 893 2833 studio
907 2773 1000 2834 Ouidii
1016 2773 1114 2833 editio-

49 2875 254 2942 imperauerat
274 2869 384 2950 qualem
403 2869 487 2928 hodie
509 2867 600 2926 decet.
639 2868 691 2924 llic
709 2875 825 2926 testatus
844 2875 886 2926 est
907 2865 1008 2926 librum
1026 2866 1114 2925 uideri

46 2960 127 3017 occuli
142 2961 299 3025 duodecimi
325 2972 374 3022 aut
393 2964 474 3021 ctiam
495 2961 631 3020 undecimi
649 2968 679 3018 et
697 2958 800 3018 hahere
818 2958 966 3036 singularia
984 2967 1013 3016 et
1031 2975 1114 3034 prae*

47 3051 123 3108 rota
138 3057 232 3116 multa.
264 3056 342 3115 Nihil
361 3055 471 3116 decedit
490 3055 554 3112 huic
572 3052 649 3112 laudi
666 3054 739 3110 iuter
757 3051 882 3110 codicum
901 3069 1025 3110 meorum
1042 3043 1121 3108 mul·¹
1150 3125 1153 3140 N

43 3137 173 3208 titudinem,
204 3150 266 3210 Sed
286 3159 379 3210 tamen
399 3149 494 3226 incipit
513 3149 549 3206 ah
567 3147 622 3204 hoc
641 3145 710 3206 ordo
729 3145 861 3204 librorum
879 3141 1114 3218 secundariorum,

46 3234 81 3306 qui
95 3255 175 3318 neque
194 3246 330 3322 originem
349 3243 536 3322 peculiarem,
560 3257 652 3317 neque
676 3247 726 3296 aut
750 3239 778 3295 in
804 3235 1000 3314 orthographia
1018 3245 1068 3293 ant
1085 3235 1113 3292 in

44 3331 159 3406 sciptura
182 3347 293 3394 tantam
313 3353 407 3394 curam
427 3333 603 3414 praeierunt,
630 3341 663 3390 ut
687 3339 826 3409 perpetuo
848 3332 876 3390 iu
902 3329 1044 3388 discrimen
1062 3347 1113 3387 uc-

46 3418 116 3482 rora
139 3430 288 3488 mittuntur
305 3430 333 3488 iu
351 3427 511 3505 suffragium
530 3427 578 3483 ubi
597 3425 832 3502 superioresuem
850 3423 1018 3497 destituunt,
1037 3422 1114 3480 uelut
1196 3425 1199 3436 ’

44 3512 65 3584 ³2
79 3521 136 3579 236·
173 3524 328 3582 Caeterum
347 3524 437 3580 sciens
456 3519 559 3578 nullam
578 3517 625 3578 uel
643 3518 808 3576 lenissimam
826 3518 988 3595 scripturam
1007 3515 1113 3590 reticui,

45 3606 73 3661 lli
87 3628 132 3670 nec
149 3615 176 3672 in
196 3616 287 3675 multo
302 3616 456 3693 peioribusr
477 3615 580 3691 poteris
599 3614 659 3690 ipse
678 3610 816 3684 arbitrari,
832 3627 899 3682 num
918 3619 993 3666 recte
1010 3607 1113 3666 iudica-

44 3699 109 3761 “h'm
127 3708 251 3768 codicem
273 3709 398 3768 ciusdem
413 3707 523 3784 originis
542 3723 602 3764 esse
621 3723 683 3762 cum
697 3703 848 3762 Petauiauo
868 3703 969 3780 primo,
986 3699 1036 3759 sed
1054 3717 1114 3756 ma-

43 3791 241 3878 demptum
262 3802 298 3858 ah
322 3799 438 3858 indoctis
456 3801 589 3875 librariis,
616 3799 664 3877 qui
686 3796 809 3876 inprimis
833 3793 1059 3872 orthographiam
1077 3790 1115 3850 ad
1150 3831 1154 3838 ,

41 3891 283 3952 commemorem
302 3891 529 3952 consuetudinem
551 3893 733 3951 deflexerunt.
771 3891 901 3965 ilicem,
927 3891 975 3964 qui
993 3887 1115 3964 plerum-

42 3991 83 4050 qne
98 3985 233 4064 scriptum
248 3985 350 4048 haheat
368 3986 533 4064 dompnum,
551 4003 696 4064 compone,
714 3985 839 4060 Meropa,
859 3981 1034 4047 ammonitae,
1050 3993 1117 4054 por-
1161 4003 1165 4016 ·
1188 4020 1193 4028 .

42 4063 127 4148 aaa,
145 4077 250 4156 boas,
270 4080 413 4152 tollmme3
432 4079 570 4138 rarissime
586 4083 638 4156 ita,
657 4085 688 4136 ut
707 4079 736 4147 o,
755 4079 812 4133 172
830 4073 867 4132 ad
884 4079 956 4131 iusto
974 4069 1116 4128 cubhliora

41 4169 160 4236 a&hadita
182 4174 274 4235 hahet
290 4191 359 4234 sana
378 4181 407 4234 et
426 4189 494 4233 uera
511 4163 617 4250 multa,
635 4179 667 4231 ut
684 4171 826 4248 mahom,
844 4165 1015 4235 himertstoit,
1034 4159 1117 4228 mitta
