2688 4680
520 287 533 346 T
555 323 707 375 ausurus
753 343 756 350 ·
1018 329 1177 385 ,cmm

67 475 146 557 6666
166 477 256 556 longe·
269 475 328 537 sins
346 473 542 543 dobin-abluit
559 493 578 534 a
598 475 695 536 Caelio
715 484 826 554 monte,
847 483 901 542 nec
918 477 1042 548 fortassis
1060 487 1173 548 ommno

66 573 209 634 attinebat
227 570 264 632 ad
284 571 390 638 lunium
408 587 541 641 mensem.
581 569 695 630 Psiuata
716 571 811 650 religio
831 578 1172 657 n.181‚182.quin·eos

66 664 132 726 dem
152 664 240 727 mado
259 666 370 728 066666
387 663 548 726 memoriam
567 665 735 740 seruauerit,
758 675 843 744 atque
860 669 954 734 rusdci
973 663 1063 731 nostri
1081 672 1109 736 in
1129 674 1172 736 cia

65 759 183 822 utillima
201 758 416 838 superstitione,
439 775 496 819 uon
520 757 632 816 memini
657 776 713 836 quo
737 757 798 834 dis,
826 759 863 822 de
885 759 954 820 diua
974 769 1066 826 uuas
1082 765 1171 828 116116

64 861 194 929 uarrmt,
214 852 331 914 dubium
349 853 396 912 uix
414 860 467 912 est.
500 851 543 910 Ad
563 859 665 912 statum
684 851 844 912 6666661666
864 853 909 915 Dii
928 855 998 920 Fidii
1018 863 1169 936 un213sq.

64 946 275 1025 commodo
294 945 394 1006 miseri
411 953 545 1028 poterunt
562 945 653 1006 Varro
672 945 747 1006 661.
766 947 787 1014 1.
805 946 835 1017 6,
854 950 893 1006 66
912 957 941 1010 et
959 968 1029 1028 quos
1048 950 1171 1013 Mueller
1294 935 1299 950 ‘

64 1057 111 1098 ros
129 1041 290 1102 annotauit·
327 1040 374 1100 Du
395 1039 481 1100 sacris
501 1039 605 1099 Vestae
623 1056 651 1096 a.
670 1038 700 1097 6.
719 1038 747 1097 V
765 1039 806 1098 ld.
826 1042 879 1103 tria
897 1051 978 1118 sunt,
1003 1061 1076 1123 quae
1093 1043 1170 1104 Oui.

64 1129 126 1196 6166
151 1132 250 1197 tradit·
288 1133 413 1196 Panum
437 1133 595 1195 continetur
620 1135 744 1194 uersibus
762 1137 944 1196 296-3646
969 1137 1073 1199 Vestae
1098 1139 1169 1216 mitti
1287 1191 1290 1210 ,

64 1228 195 1305 patellas,
215 1228 282 1306 quia
300 1227 366 1286 cim
388 1229 489 1306 epulae
508 1236 574 1286 ante
592 1226 681 1305 ipsam
701 1221 800 1290 aedem
816 1229 957 1291 institutae
972 1249 1040 1292 ,eum
1059 1233 1088 1294 in
1106 1252 1169 1294 mo-

64 1319 130 1380 dum
148 1323 232 1382 libari
251 1323 456 1382 consueuerint.
494 1320 568 1380 Nam
587 1339 755 1400 quamquam
776 1342 804 1382 6.
819 1327 877 1382 300
895 1324 959 1386 deos
977 1345 1047 1406 quos
1070 1327 1169 1388 innuat

63 1423 164 1494 posta,
192 1416 337 1474 obscurius
363 1425 424 1489 est,
446 1414 476 1473 id
500 1423 593 1474 tamen
614 1413 749 1475 distichon
773 1433 829 1474 uon
851 1427 978 1496 spectare
1002 1419 1039 1480 ad
1060 1413 1185 1480 morem'

62 1509 200 1587 priscum,
226 1527 284 1588 quo
303 1509 403 1569 Seruio
422 1518 493 1570 teste
511 1511 548 1570 ad
567 1514 637 1572 Aen.
658 1517 686 1585 1,
707 1511 764 1566 636
787 1512 818 1568 ist
837 1515 920 1572 cisiis
937 1513 1051 1575 6666661
1067 1515 1167 1574 eadm-0

61 1607 113 1673 tos,
130 1603 220 1682 lisuet
236 1622 255 1662 e
272 1604 401 1682 proximo
417 1605 455 1664 66
469 1605 595 1666 Vacuna.
634 1604 725 1666 Aedes
743 1603 825 1680 igitur
844 1623 872 1662 6.
888 1607 947 1670 296
966 1607 1095 1668 dicuntur
1112 1627 1168 1686 pro

62 1694 131 1756 ocis
153 1697 306 1756 secundum
327 1697 423 1757 Seruii
448 1698 670 1760 obseruationem
693 1699 763 1756 Aeo.
783 1701 812 1766 2,
830 1697 903 1756 tat:
930 1717 1043 1765 numero
1059 1701 1168 1778 plurali
1248 1703 1250 1716 '

60 1797 89 1850 si
104 1789 140 1849 66
157 1789 283 1874 6666666
302 1799 328 1850 st
347 1790 381 1850 ds
399 1791 509 1869 166ῳῖ6.
546 1792 690 1851 Disticbon
709 1793 776 1860 297,
796 1792 856 1848 298
877 1791 989 1852 difficile
1012 1804 1056 1857 est
1069 1795 1165 1854 -intel-

59 1884 143 1955 16616,
162 1885 226 1946 siun
239 1894 316 1946 recte
331 1886 416 1961 edidi,
434 1888 493 1946 siue
505 1895 645 1964 praestata
664 1884 728 1946 iuda
741 1903 895 1962 precamur,
914 1887 990 1966 quod
1007 1905 1061 1966 per
1077 1888 1168 1948 libros·

57 1978 131 2039 licet.
171 1979 339 2038 Coniectare
357 1981 386 2038 in
405 1980 531 2038 carminis
551 1988 631 2058 parte
650 1999 706 2038 non
721 1979 930 2040 elaboratanou
944 1981 1042 2042 ausim.
1081 1981 1165 2050 Quo-¹

57 2073 132 2132 niam
146 2071 234 2150 igitur
245 2091 328 2134 nemo
340 2073 542 2133 demonstrauit
554 2073 630 2152 apud
641 2074 783 2132 16666666
795 2073 824 2130 16
837 2076 1029 2151 precationum
1043 2073 1167 2154 exordiis·

57 2165 173 2226 Vestam
191 2184 255 2226 esse
273 2177 479 2246 nuncupatam,
505 2167 589 2228 oredo
610 2165 742 2226 Ouidium
765 2175 879 2245 praeter
902 2166 1032 2226 uestibuli
1056 2166 1162 2226 66616-

54 2261 152 2340 qnium
172 2277 192 2320 a
211 2261 308 2336 Vesta,
327 2261 411 2320 Seru.
431 2261 469 2321 ad
488 2265 559 2321 Aen.
579 2267 610 2335 2,
626 2261 696 2334 469,
715 2262 802 2338 quod,
823 2266 907 2337 prout
925 2260 1010 2318 libros
1028 2261 1162 2338 sequeris,

54 2363 103 2413 aut
123 2353 237 2432 posuit,
257 2368 307 2412 aut
324 2355 440 2433 intelligi
458 2355 565 2429 uoluit,
588 2355 743 2413 meminisse
760 2353 844 2412 etiam
865 2352 1057 2431 appellationis
1078 2353 1161 2412 tecit·
1235 2405 1241 2410 .

52 2446 148 2522 nime,
165 2456 201 2506 ut
217 2447 303 2510 Pout.
320 2453 352 2522 2,
371 2449 401 2524 6,
420 2452 459 2508 68
478 2447 578 2508 ociosis
597 2445 735 2506 rhetorici.
776 2445 876 2504 Cicero
894 2447 922 2504 in
942 2445 1167 2507 6616666166.

54 2540 204 2602 Vestibula
226 2544 359 2602 simmam
388 2542 506 2602 bonuaso
530 2539 675 2617 66166666
706 2537 744 2600 od
772 2559 889 2600 causum
912 2539 1165 2618 [6666166666.
1243 2542 1246 2548 '

49 2634 164 2694 Eodem
199 2634 337 2694 uocabulo
367 2634 514 2712 significari
544 2642 695 2712 potuerunt
724 2635 837 2693 exordia
864 2635 1063 2716 precationum.
1113 2635 1167 2698 De'

48 2727 160 2806 pascuo
181 2739 312 2788 amurats
337 2729 447 2808 scripsit
466 2727 643 2787 Clausenius'
656 2746 685 2805 p.
702 2723 785 2786 63ss
808 2728 932 2788 Alterum
956 2737 1000 2788 est
1023 2729 1059 2791 66
1081 2729 1158 2793 teau

48 2824 192 2902 purorum
209 2831 240 2881 et
258 2823 396 2883 asinorum
416 2840 444 2880 u.
455 2822 600 2897 906911,
610 2824 679 2880 att.
716 2822 846 2891 Causam,
865 2839 949 2901 qoam
968 2822 1059 2888 reddit
1073 2834 1157 2902 poeta

48 2937 79 2976 n.
97 2919 288 2992 sot-³12,
311 2916 397 2996 paulo
422 2916 502 2974 aliter
520 2915 628 2994 profert
645 2914 741 2991 Lydus
759 2915 796 2974 66
814 2933 901 2976 meus.
921 2920 953 2989 4,
972 2917 1022 2989 69,
1043 2917 1158 2994 62696

47 3003 104 3070 sit
125 3003 163 3070 sd
183 3005 259 3080 roric
276 3003 426 3087 ἀρχαίους
446 3001 500 3070 τὸν
524 3002 621 3088 iosos
645 3002 677 3068 ἐν
702 3010 768 3078 τοῖς
793 3003 887 3084 isuaia
905 3009 962 3086 τῆς
975 2999 1079 3078 ‘Betae
1097 3028 1157 3071 aas

49 3095 263 3177 messanicus.
303 3102 409 3168 Verani
429 3104 549 3182 puniceis
568 3105 621 3164 illis
639 3104 779 3164 asinorum
795 3101 940 3162 monilibus
960 3123 989 3162 6.
1002 3103 1071 3177 606,
1086 3103 1156 3179 att,

47 3216 127 3276 quse
142 3198 228 3258 etiam
247 3199 274 3258 in
294 3200 386 3279 capite
405 3196 535 3256 Octobris
554 3199 629 3278 equi,
648 3216 701 3258 666
719 3215 737 3256 6
756 3194 985 3256 Sacraniensibus
1003 3196 1104 3268 solum,
1124 3205 1171 3256 ut:

47 3291 182 3365 uidetur,
203 3294 425 3372 usurpabamus,
443 3288 523 3352 Paul.
542 3291 625 3350 Diac.
644 3311 674 3370 p.
683 3295 753 3366 22⁰,
771 3296 822 3366 21,
849 3297 956 3348 tautum
973 3308 1032 3348 non
1050 3291 1156 3350 tribue·

47 3384 112 3444 rim.
153 3383 222 3445 Nou
249 3394 293 3446 ast
318 3385 463 3463 probabile
486 3384 559 3444 bano
577 3386 732 3446 Vestalium
760 3383 936 3444 6661666166
958 3393 1023 3461 post
1046 3379 1154 3444 annum

46 3478 164 3540 6666616
184 3477 220 3538 V.
242 3479 277 3538 C.
296 3478 355 3538 bau
373 3477 655 3544 666616666661666
680 3488 745 3536 aute
767 3476 796 3539 id
817 3495 884 3536 uero
908 3485 1018 3557 tempus
1037 3479 1154 3538 testibus

46 3575 95 3648 is,
124 3591 198 3654 quos
221 3573 325 3651 poteria
349 3574 473 3632 inuenire
491 3571 567 3650 apud
586 3572 719 3636 causer.
738 3571 899 3650 66116116.
918 3574 947 3644 §.
958 3573 1014 3628 282
1034 3571 1153 3631 661666-

46 3655 143 3730 uslb'nss
163 3685 191 3726 s.
208 3685 239 3729 u.
255 3669 359 3751 pistor,
383 3665 438 3728 hoc
464 3683 566 3728 nomeu
587 3665 625 3725 ad
650 3683 751 3744 panem
762 3663 945 3751 coquendum
963 3663 1028 3724 nibil
1048 3664 1152 3728 attine-
1216 3665 1219 3672 ’
1312 3655 1315 3664 “

48 3761 109 3836 bd,
128 3759 194 3822 solo
211 3761 328 3842 pistrino
343 3761 549 3835 continebatur,
568 3777 642 3843 quas
656 3760 794 3822 minorum
807 3777 919 3844 quoque
936 3759 1079 3839 prouincia
1097 3767 1150 3820 est.

46 3853 162 3918 ibunt
180 3853 265 3934 igitur
283 3851 371 3920 muln
389 3853 450 3912 etat
468 3854 571 3918 vesus
596 3872 689 3934 nequa
706 3852 736 3912 id
753 3853 871 3927 661666,
894 3851 1007 3932 quaudo
1025 3849 1152 3916 Vestales

45 3957 122 4012 tacte
138 3947 243 4014 Seruio
261 3947 314 4014 661.
326 3949 358 4022 6,
368 3949 407 4008 82
426 3947 539 4028 pinsunt
559 3965 594 4008 ao
611 3949 720 4012 molunt
737 3947 838 4011 66166
858 3956 973 4019 astam,
992 3945 1031 4008 sio
1048 3944 1151 4008 dictam
1277 3955 1280 3962 '

45 4041 178 4108 ioris*
200 4041 267 4125 quis
290 4040 442 4105 secuudum
468 4040 551 4102 Seru.
570 4042 641 4106 Aen.
662 4043 768 4118 1,,179
794 4038 923 4118 11666666
944 4038 1071 4121 [cunum
1088 4038 1150 4113 for·

46 4143 209 4202 misius
225 4137 379 4216 ausim
396 4151 454 4200 uun
471 4133 577 4196 666661.
605 4135 681 4201 Num
700 4135 773 4194 louis
791 4135 905 4206 Pistoris
923 4133 1021 4215 seriae,
1041 4153 1070 4194 u.
1080 4131 1150 4206 644,

47 4231 74 4294 sl
92 4230 238 4298 166616·
250 4228 326 4296 taos
343 4228 416 4292 diom
436 4229 651 4308 inattenuata
671 4228 831 4309 effecerint,
851 4239 882 4290 nt
901 4220 1061 4306 ipsunosol
1078 4241 1149 4308 quo·
