2636 4678
137 1098 202 1180 on
226 1093 486 1184 osscvnrs
508 1066 677 1181 evron
699 1093 1005 1186 rnsronvu.

521 1347 556 1440 ς,
580 1349 608 1415 ι.

53 1465 125 1571 oute
140 1506 171 1565 ad
189 1507 240 1568 lroc
265 1528 378 1569 carmen
406 1529 440 1570 ea
464 1512 637 1590 potissimum
664 1509 775 1584 forma,
803 1527 861 1588 qua
883 1491 975 1572 editur·
992 1529 1012 1569 a
1028 1511 1119 1590 nobis,

53 1596 221 1676 intelligendum
240 1605 395 1662 necessario
414 1614 495 1680 sunt,
523 1604 566 1662 llis
585 1602 703 1682 plagulis
722 1601 1008 1681 comprehendentur,
1029 1624 1121 1683 quan·
1236 1604 1238 1608 ’

53 1697 96 1745 tun
110 1695 203 1768 quidem
221 1707 366 1774 praestare
386 1716 498 1774 possum
517 1706 547 1754 et
565 1697 706 1774 expectari
725 1714 778 1774 par
796 1704 858 1771 est,
879 1698 980 1756 omnia.
1019 1697 1120 1775 Neque

53 1783 105 1840 enin
126 1796 166 1844 aut
183 1791 216 1845 alr
242 1791 302 1847 aliis
330 1791 471 1868 disputata
499 1791 628 1848 uolebam
654 1797 801 1866 repetere,
826 1797 876 1847 aut
899 1787 966 1846 nihil
992 1788 1121 1865 ignorare

53 1883 156 1948 poteram.
192 1883 414 1958 Quaestionum,
441 1903 509 1962 quas
529 1884 667 1942 derebus
687 1882 835 1959 uerbisque
854 1881 1055 1940 obscurioribus
1073 1881 1128 1951 iu·-

53 1967 107 2026 rtitoi
121 1983 146 2030 et
163 1975 188 2033 in
207 1977 285 2035 locos
305 1979 453 2055 capitaque
472 1977 620 2056 descripsi,
640 1995 742 2054 corpus
762 1977 827 2034 data
847 1993 933 2055 opera
952 1993 1008 2032 non
1028 1973 1119 2048 effeci,

55 2061 124 2122 donus
139 2070 240 2146 qnidam
259 2069 344 2128 ultro
371 2073 478 2146 extitit,
502 2089 565 2129 raro
584 2070 740 2130 sufficiente
759 2071 876 2128 aliorum
895 2085 980 2146 opera
1000 2075 1029 2126 et
1049 2067 1120 2124 mili·

54 2159 109 2214 tante
123 2160 245 2221 interdum
265 2166 296 2220 in
318 2166 400 2222 armis
425 2165 565 2224 solidioris·
585 2165 781 2241 grammaticae
801 2164 974 2222 coniectura:
1002 2176 1121 2235 eumque

54 2247 160 2328 udinem,
177 2259 221 2333 qoi
240 2276 336 2335 neque
355 2259 453 2316 latebit
473 2275 658 2335 quemquam,
678 2275 770 2333 nequo
789 2255 972 2313 remorabitur
990 2251 1121 2328 oprimis

55 2336 166 2404 adultior
183 2361 361 2428 pergentem,
382 2355 514 2410 intactum
535 2349 642 2428 reliqui.
676 2349 718 2406 lta
738 2349 810 2405 enim
830 2349 895 2424 quia
914 2344 1018 2404 exordii
1037 2361 1122 2402 causa

56 2439 141 2496 outo
158 2443 183 2500 in
200 2445 257 2503 fine
279 2454 340 2519 est,
360 2463 415 2503 non
437 2445 528 2501 habeo
547 2461 618 2520 opus
639 2441 743 2498 aditum
760 2441 796 2498 ad
816 2441 883 2498 illud
904 2441 1020 2510 munire.
1059 2437 1121 2496 No·

57 2530 99 2630 illm
113 2543 146 2590 est
161 2535 371 2617 interpretatum
391 2555 452 2597 esse
471 2536 603 2596 Ouidium
621 2534 708 2594 fastos
728 2545 757 2593 et
776 2553 934 2593 enarrasse:
955 2551 990 2592 ea
1006 2547 1121 2592 enarra·
1227 2538 1231 2554 ¹

58 2625 85 2674 tro
97 2623 132 2681 nin'
146 2632 249 2706 cognita
268 2633 318 2690 illa
337 2649 378 2704 re,
391 2621 473 2709 ¹quae
487 2640 643 2700 enarratur,
664 2647 720 2688 non
734 2631 821 2706 magis
840 2627 1017 2703 intelligetur,
1037 2641 1120 2702 quam
1163 2641 1167 2708 j

57 2705 112 2790 filet,
126 2738 186 2796 quae
204 2743 278 2783 nunc
297 2725 456 2793 scribimus,
476 2724 512 2781 ab
531 2740 584 2797 eo,
606 2724 653 2799 qui
673 2739 783 2780 carmen
804 2719 898 2780 Ouidii
916 2737 1057 2796 nunquam
1077 2717 1122 2776 le-

56 2803 88 2876 di·
109 2809 189 2891 ltaque
205 2837 268 2874 corn
286 2815 410 2874 nonnihil
425 2824 561 2874 mutatum
581 2817 610 2872 in
629 2815 706 2874 lastis
722 2817 834 2894 publiea
849 2813 1013 2875 auctoritate
1026 2808 1121 2869 ouidii

57 2904 228 2986 renodantur,
247 2911 276 2968 id
296 2909 449 2968 cuiusmodi
470 2910 570 2984 luerit,
591 2908 812 2984 cognoscendum
832 2916 893 2981 est,
913 2907 972 2964 siue
991 2904 1027 2962 ad
1049 2900 1120 2962 Oui-

1293 2287 1294 2346 l

1202 2441 1206 2461 t
1293 2433 1294 2468 l

1293 2531 1294 2554 l

1293 2557 1294 2592 l

56 2988 106 3050 “5⁰¹⁰
120 3005 243 3078 pertinet,
269 3004 330 3062 siue
356 3021 411 3060 non
437 3003 566 3079 pertinet.
604 2999 678 3058 Nam
705 3003 727 3059 si
747 3021 802 3059 noo
823 3002 944 3079 pertinet
960 2999 1121 3072 factumque
1177 3031 1181 3037 -
1293 3021 1294 3024 η

57 3095 84 3141 ‘tl
92 3104 251 3174 posteaquam
270 3115 383 3154 carmen
398 3105 484 3172 poeta
498 3095 663 3172 composuit,
683 3113 806 3152 seorsum
824 3113 841 3153 a
856 3093 1018 3171 quaestione
1033 3104 1120 3165 quae·

56 3173 97 3236 dum
111 3199 164 3245 sont
180 3189 325 3248 habenda:
353 3189 376 3245 si
396 3207 463 3246 uero
483 3190 622 3266 pertinet,
649 3187 797 3246 uidendum
818 3197 878 3261 est,
898 3185 1017 3264 fueritne
1036 3200 1070 3240 ea
1089 3197 1120 3239 re

58 3273 184 3340 ltlnimum
200 3283 235 3339 ad
255 3281 430 3340 scribendum
450 3293 547 3339 auctor
562 3285 715 3358 permotus.
746 3281 829 3348 Quae
846 3279 930 3356 igitur
942 3279 979 3335 de
990 3273 1119 3352 Augusto

56 3365 124 3428 tatia
140 3374 245 3450 inueni,
269 3375 442 3449 tineosum,
468 3377 587 3452 primum
607 3373 741 3432 Sextilem
759 3391 883 3430 mensem
906 3371 934 3428 in
954 3372 1012 3428 eius
1031 3369 1120 3426 hono-

54 3467 93 3514 ten
106 3469 262 3542 appellatum
282 3486 343 3527 esse
363 3467 517 3544 Augustum
534 3485 570 3524 ex
589 3467 621 3525 S.
643 3466 690 3540 C.‚
715 3465 792 3524 ouius
817 3466 904 3523 uerba
929 3453 1024 3522 entant
1043 3457 1119 3540 apud
1236 3495 1238 3503 v

52 3541 186 3619 dtuobium
204 3563 266 3620 Sat.
284 3569 313 3636 1,
329 3567 376 3636 12,
397 3580 470 3619 anno
485 3561 521 3617 V.
536 3560 569 3618 C.
584 3561 642 3617 746
662 3569 781 3618 testante
799 3558 890 3616 Dione
910 3539 1005 3615 Cassio
1019 3553 1070 3627 ⁶5,
1084 3554 1119 3624 6;
1205 3564 1207 3570 '

52 3637 139 3742 illua
162 3673 190 3712 re
215 3656 298 3714 ualde
325 3655 428 3714 errauit
452 3653 603 3730 Fogginius
628 3653 705 3710 Fast.
729 3653 834 3710 Pracn.
860 3671 890 3730 p.
908 3648 982 3724 1253
1018 3644 1119 3704 deinde

52 3747 114 3807 ¹l¹¹1m
130 3761 244 3806 errorem
269 3751 297 3806 in
323 3739 511 3808 intercalando
536 3747 590 3802 iam
610 3755 733 3804 ueterem
760 3745 903 3803 sustulisse
922 3750 1002 3802 sexto
1021 3748 1051 3799 et
1069 3739 1118 3816 tri·
1233 3788 1238 3800 .

52 3831 124 3889 raino
140 3853 207 3896 anno
227 3851 292 3918 post
310 3843 459 3901 Caesarem
479 3839 659 3914 dictatorem,
688 3839 742 3896 hoc
761 3848 803 3895 est
821 3837 857 3896 V.
879 3837 913 3897 C.
933 3836 1003 3908 746,
1029 3831 1118 3890 Maor.

52 3917 71 3989 ¹2
86 3925 114 3980 14
134 3926 206 3990 Suet
227 3931 295 3993 Oct.
315 3941 369 4008 313
400 3944 458 3990 tom
484 3931 565 3990 ludos
584 3949 740 4010 perennes,
765 3931 819 3988 hoc
838 3938 898 4004 est,
918 3929 965 4006 qui
985 3929 1012 3984 in
1031 3925 1118 3983 fastos

51 4010 200 4116 diruentur,
226 4031 284 4084 elus
302 4028 387 4084 natali
407 4027 452 4083 die
472 4025 599 4083 decretos
617 4027 682 4084 item
703 4043 776 4083 anno
796 4025 854 4082 746
872 4021 1026 4081 secondum
1044 4019 1120 4086 Dior

51 4107 354 4195 saturninianorum
380 4130 525 4197 quartum,
552 4119 641 4176 abeo
661 4128 751 4178 certos
776 4117 835 4178 dies
861 4116 970 4175 senatui
988 4108 1118 4171 lrabendo

52 4203 177 4267 llnstitutus
203 4230 282 4288 esse,
308 4214 483 4272 narrantibus
506 4212 640 4272 Suetonio
658 4230 682 4270 o.
704 4210 741 4270 36
768 4219 797 4268 et
822 4210 913 4268 Dione
933 4206 984 4281 66,
1003 4209 1042 4280 ὅ,
1070 4199 1119 4278 qul

799 4302 821 4358 Δ
843 4305 863 4356 2
