2636 4678
209 255 315 343 nxxrv
644 253 867 305 asrooucrrrcn
943 321 947 326 Ι

359 411 399 470 ll
413 405 523 481 tum
538 403 666 482 mulum
684 423 798 482 tem
814 405 1032 478 namuurum
1050 408 1155 484 nutu,

408 503 549 576 Είιιιιαφιι
565 498 634 559 dunt
653 498 761 570 inires,
779 503 954 578 ιιιοιίιιιιᾳιιο
972 505 1060 564 coms.

210 595 315 656 Verum
340 595 439 654 edetis
465 612 592 658 occasum
613 592 667 652 hoc
690 592 736 654 die
760 591 863 652 frustra
888 612 1005 671 quaeres
1030 597 1058 654 in
1084 603 1302 656 astronomorum

209 690 335 766 scriptu,
362 696 392 746 et
409 705 461 746 uer
478 686 599 746 medium
620 704 701 744 nemo
728 704 850 764 unquam
868 688 1012 749 contendit
1031 688 1171 746 diuersum
1190 707 1255 748 esse
1272 692 1303 748 ab

210 781 383 860 aequinoctio
403 798 499 840 uerno.
533 777 621 839 Priori
640 797 736 841 meuse
753 779 829 856 apud
848 781 975 841 Clusium
994 783 1212 860 aequinoctium,
1230 783 1303 842 Arie-

208 859 280 946 tem,
300 877 420 942 imbres,
439 871 531 932 omnio
549 873 682 932 inuenies.
722 873 812 950 Finge
827 875 946 951 scriptos
964 875 1025 934 illos
1042 894 1140 951 uersos
1159 875 1197 935 de
1216 886 1304 936 extre-

208 970 260 1028 mis
272 969 367 1027 Martii
385 966 493 1040 diebus,
510 965 587 1044 quod
605 983 658 1044 per
677 967 795 1044 primum
815 966 943 1043 prolecto
962 969 1037 1042 liora,
1056 967 1124 1024 nihil
1142 968 1198 1028 erit
1216 970 1300 1048 impe-

205 1055 329 1135 dimenti,
348 1061 400 1120 nisi
413 1059 615 1139 qrodiClodius
635 1051 734 1120 tuere
746 1050 879 1134 ἀνίσχειν
899 1061 1021 1120 Arietem
1036 1061 1115 1120 dixit.
1147 1062 1184 1118 At
1203 1061 1233 1118 id
1247 1061 1300 1118 for-

206 1166 281 1216 tasse
305 1154 422 1216 Ouidius
448 1154 567 1213 correxit
590 1171 642 1212 sua
666 1153 852 1230 experientia,
878 1171 941 1212 uam
967 1155 1089 1213 ldelerus
1113 1156 1235 1231 septimo
1260 1154 1302 1212 die

207 1259 274 1309 sote
292 1257 360 1306 tuuc
373 1247 481 1308 Romae
493 1249 610 1325 ,uesperi
627 1245 758 1306 occidione
774 1245 866 1310 docet.
899 1246 1021 1309 Posthac
1040 1265 1107 1306 uero
1126 1248 1194 1324 quia
1212 1264 1300 1304 meuse

182 1371 188 1382 ·
206 1342 308 1402 Martio
328 1341 413 1418 paulo
439 1348 508 1398 eote
530 1357 594 1410 eum
620 1340 693 1400 diem
712 1340 812 1398 Arietis
836 1341 865 1398 io
890 1341 944 1398 alia
961 1339 1057 1400 fabula
1074 1341 1177 1398 mentio
1198 1339 1299 1412 fumet,

206 1436 284 1494 illiue
301 1437 401 1494 remoti
419 1443 485 1494 suot
502 1431 703 1508 suffeetoillo,
729 1434 805 1511 quod
830 1432 913 1496 hodie
938 1435 1073 1516 legimus,
1100 1433 1221 1494 disficho
1235 1436 1296 1506 877,

198 1529 254 1588 78.
292 1527 363 1598 Quis
376 1529 408 1586 ¹iu
428 1527 550 1605 Aprilem
568 1527 756 1602 transtulerit,
781 1544 847 1586 oum
866 1535 930 1602 post
947 1527 1067 1588 Nasonis
1084 1537 1206 1590 mortem
1223 1527 1296 1599 alus,

198 1623 359 1697 nescimus,
385 1621 435 1681 sed
459 1622 537 1681 fflsm
563 1621 646 1681 etiarn
665 1619 815 1688 clausulam
834 1624 1009 1700 worimqete
1026 1623 1106 1682 omis
1124 1638 1157 1678 se
1174 1617 1295 1697 dignissi-

200 1733 279 1776 mam
302 1716 440 1776 addidisse
464 1713 637 1774 crediderim.
681 1713 755 1772 Sunt
779 1712 861 1774 etiarn
887 1712 932 1770 alii
951 1731 1068 1789 uenus,
1093 1733 1163 1792 quos
1191 1732 1248 1772 uon
1265 1729 1295 1770 eo

195 1810 285 1885 loco,
303 1823 365 1888 quo*
377 1811 524 1886 leguntur,
543 1808 683 1886 positurus
700 1805 786 1864 fnisse
805 1804 924 1866 Ouidius
943 1807 1062 1866 uidetur.
1100 1807 1175 1866 Nam
1196 1811 1226 1881 t,
1244 1806 1293 1864 399

195 1904 274 1963 alter
291 1921 327 1962 eu
344 1903 470 1962 Piscibm
492 1905 576 1962 Μία
593 1907 671 1960 sorte
695 1897 822 1958 occidere
839 1899 947 1958 dicitur.
986 1901 1026 1960 Vt
1041 1919 1116 1960 nnnc
1135 1910 1197 1977 est,
1223 1899 1293 1958 tertio

201 2015 258 2056 nox
275 1994 441 2056 elidendis
452 1996 537 2058 Mart.
556 1985 737 2071 musurgam(
764 1994 801 2052 At
819 1993 930 2066 mirum,
949 1993 1001 2050 nisi
1020 1993 1057 2053 de
1074 1995 1155 2054 tertia
1173 2013 1195 2053 a
1212 1992 1291 2051 Nonis

86 2146 89 2155 ,
149 2075 153 2082 ’
194 2089 295 2168 eeripti
311 2089 436 2150 fuerunt.
475 2092 559 2148 Tunc
576 2089 649 2148 enim
669 2085 799 2146 Clodius:
824 2081 863 2163 τῇ
880 2077 988 2161 ’πρὸξ
1008 2083 1096 2148 εἰδῶν
1115 2120 1153 2136 ·-
1171 2078 1290 2164 eclip-

200 2183 285 2262 ilpou
301 2174 318 2243 d
333 2176 428 2260 ἰχθὺς
442 2174 502 2242 o’rrrd
519 2181 575 2242 τοῦ
588 2172 680 2242 adrou
693 2172 822 2257 ἔρχεται
838 2170 1041 2255 κρύπτεσθαι,
1060 2183 1109 2240 ubi
1120 2200 1212 2262 aeque
1227 2180 1289 2239 mule

148 2321 151 2326 ,
199 2278 229 2336 in
249 2279 327 2336 Harii
345 2278 573 2355 interpretatione
592 2287 634 2335 est
656 2278 919 2353 pecunarum,
947 2293 1030 2351 quarn
1057 2275 1139 2334 tertio
1164 2275 1211 2334 die
1233 2279 1289 2352 pust

198 2363 292 2428 adron
311 2380 408 2429 contra
426 2370 567 2446 codicem,
591 2372 707 2450 expulso
730 2361 847 2440 νώτου,
871 2368 943 2428 inter
960 2366 1033 2442 Lydi
1052 2369 1139 2428 nerim
1162 2370 1232 2428 adeo
1250 2383 1287 2424 re·
1316 2421 1317 2433 ,

200 2472 323 2540 ceptum.
374 2465 508 2522 annualis
539 2465 611 2524 enim
641 2463 833 2541 intelligendus
862 2470 905 2520 ent
938 2460 1020 2538 piscis
1051 2462 1130 2540 apud
1154 2461 1286 2532 Ouidium,

200 2565 296 2614 eontra
323 2564 407 2632 atque
433 2557 555 2616 ldelerus
578 2558 727 2617 arbitratus
755 2565 806 2614 est.
850 2555 923 2616 Dein
942 2558 974 2630 5,
992 2557 1051 2612 72³
1071 2555 1147 2632 quod
1164 2557 1203 2616 de
1220 2573 1246 2612 a.
1261 2552 1285 2608 d.
1314 2623 1315 2627 Ἰ

198 2649 238 2706 Xl
256 2648 305 2705 ΚΡ
323 2649 385 2706 lun.
405 2650 538 2722 traditur,
556 2649 659 2708 frustm
678 2667 796 2726 quaeras
810 2648 891 2726 ⁸apud
910 2649 1056 2708 Clodium:
1081 2659 1111 2708 nt
1128 2649 1175 2708 sac
1193 2654 1286 2708 nocuo
1313 2717 1314 2723 ἵ

197 2742 272 2800 illam
288 2747 443 2816 ¹carpetaniam
462 2741 498 2799 ad
516 2741 582 2799 ldus
601 2743 748 2819 pertinere,
767 2741 855 2800 disces
874 2743 910 2798 ab
929 2743 975 2800 illo
991 2761 1118 2800 occasum
1133 2747 1284 2802 matutinum

198 2852 259 2893 esne
277 2833 493 2912 intelligendum.
534 2834 627 2894 llabes
645 2835 682 2892 de
701 2835 826 2894 omuibus
844 2836 965 2895 siderum
983 2834 1056 2892 notis
1074 2836 1153 2914 apud
1165 2835 1283 2896 Ouidium

197 2927 274 3006 quod
286 2929 426 2990 existimo.
1185 2941 1191 2945 ·

699 3153 803 3247 ιι·

273 3300 413 3368 Quoniam
432 3303 650 3376 demonstratum
678 3313 739 3378 est,
765 3309 957 3381 argumentum
982 3303 1110 3366 carminis
1130 3297 1281 3362 Ouidisnit

194 3401 265 3472 quot
283 3403 312 3452 et
330 3396 457 3470 qualibus
475 3397 611 3473 portibus,
631 3405 661 3454 et
676 3395 751 3454 unde
763 3397 955 3456 concinnatum
969 3407 1052 3472 esset,
1071 3398 1279 3474 proximaque
1305 3423 1306 3495 p

149 3491 153 3497 “
193 3488 246 3546 stio
265 3485 319 3544 erit
337 3486 372 3544 de
391 3490 605 3565 pertractatione
624 3489 803 3563 lemmatum,
828 3489 864 3548 de
889 3490 974 3566 ipsius
998 3499 1101 3568 poetae
1130 3491 1160 3548 io
1186 3489 1236 3546 hac
1255 3496 1279 3536 re
1304 3513 1305 3592 p

91 3611 94 3624 ·
192 3580 367 3655 eruditione,
392 3582 429 3640 de
448 3581 590 3640 doctrinae
615 3582 740 3640 subsidiis
767 3593 796 3640 et
820 3582 1003 3657 ndumentis,
1028 3585 1129 3661 quibus
1150 3603 1213 3642 usus
1237 3581 1277 3632 esi·

191 3674 307 3732 Dicetur
324 3675 414 3751 primo
433 3676 495 3734 loco
509 3675 545 3732 de
562 3673 697 3732 fastorum
711 3684 741 3734 et
754 3686 923 3755 temporum,
943 3676 979 3734 de
993 3678 1091 3754 quibus
1108 3696 1194 3756 supra
1209 3673 1278 3732 etun

107 3755 110 3770 ’
141 3779 144 3786 ’
192 3758 356 3846 occoeptuni
375 3778 429 3845 est,
445 3770 570 3830 scientia

271 3863 346 3922 Auni
361 3863 483 3924 Romani
507 3864 626 3940 priscum
651 3863 784 3921 rationem
812 3862 941 3922 credibile
965 3873 1008 3924 est
1027 3873 1134 3924 ueteres
1153 3861 1275 3921 annalium

194 3956 346 4033 scriptores
366 3958 523 4030 tradidisse,
542 3957 709 4034 antiquiores
729 3958 812 4016 etiam
831 3956 900 4032 illis,
924 3959 972 4034 qui
990 3976 1008 4016 a
1024 3957 1168 4038 Macrobip
1186 3963 1234 4014 sat.
1252 3953 1273 4016 lu

193 4055 241 4125 13,
260 4068 290 4128 p.
298 4051 357 4108 253
371 4050 461 4110 Goon.
476 4053 504 4110 in
521 4069 557 4112 cu
574 4069 608 4110 re
625 4052 812 4126 nominantur,
829 4051 933 4110 saeculi
950 4050 1011 4113 lere
1022 4051 1058 4110 ab
1072 4051 1107 4109 V.
1123 4051 1157 4107 C.
1170 4037 1273 4124 septimi·

192 4144 268 4206 Fieri
292 4145 377 4223 igitur
401 4146 525 4224 potuisse
548 4144 693 4222 anime,
724 4154 755 4208 ut
774 4145 809 4211 C.
828 4144 949 4210 Licinio
969 4144 1065 4210 Macer
1090 4159 1125 4202 ea
1142 4131 1272 4202 sententio
