2636 4678
419 282 568 326 renunes
591 281 683 326 usur.
1016 258 1110 328 'xxur

63 428 235 502 nemiumdies,
252 430 423 494 mendesium
443 442 487 491 est
500 431 602 509 Pyrrhi
617 431 735 509 Liguri,
754 430 872 507 spestati
888 431 917 488 iu
935 431 991 490 hos
1008 429 1112 508 genere

62 523 183 580 nehulnnirr
200 522 305 582 sisnrte
323 526 464 602 pertineat
482 526 518 584 ad
538 525 650 594 titulum
668 525 747 584 iestis
764 524 980 601 superpositum,
1000 524 1037 584 de
1054 543 1111 603 qun

61 615 242 692 supradiximus,
258 617 343 676 nihilo
357 620 519 677 clementius
535 618 572 677 de
583 618 698 694 Liguria
710 618 913 695 suspicabimur
927 627 957 676 et
969 618 1111 696 aliquantu
1230 666 1235 676 .

62 707 121 782 peius
132 707 159 766 de
173 717 276 768 auctore
294 711 440 770 Vaticano.
482 712 535 768 llic
553 710 636 772 home
655 712 679 770 si
698 709 826 770 fraudem
845 729 902 768 nnn
920 710 1039 780 admisit,
1057 727 1111 770 nee

64 799 177 876 ignorauit,
191 801 224 860 de
240 821 295 880 qua
314 823 346 863 re
364 805 544 883 loqueretur,
565 814 640 864 certe
658 806 828 884 peruhseure
846 811 876 863 et
896 804 1014 862 barbare
1032 805 1109 874 lemn-s
1133 831 1136 839 ·

64 900 93 948 tus
104 901 142 961 est,
157 901 182 950 et
196 896 266 972 quud
283 898 397 956 lacunas
416 900 563 956 restituere
576 897 667 958 ‘ausus
685 908 738 974 est,
758 907 864 958 temere
881 895 959 956 iecit.
992 897 1110 966 Quassl
1151 975 1153 980 Ι

60 991 124 1042 tenen
136 987 225 1062 pictura
242 990 383 1066 indicauit,
402 994 524 1050 omnium
539 992 769 1070 negligentissime
780 991 805 1048 F
806 989 931 1067 ngglnius
948 991 1013 1068 egit,
1033 988 1109 1066 apud

59 1093 116 1152 quen
130 1083 212 1138 nensis
225 1084 324 1160 Aprilis
342 1092 461 1162 tanturn,
480 1083 558 1160 Maii,
576 1085 744 1145 Nouembris
761 1081 877 1158 siugulis
890 1082 1038 1160 et3aliqnut
1049 1081 1109 1140 De·

58 1170 238 1232 contudimus
263 1177 369 1255 aliquint
393 1179 502 1237 litterae
521 1177 640 1255 desunt,
666 1178 825 1258 turpissima
845 1193 976 1254 quaeque
994 1174 1108 1254 supple·

57 1273 122 1320 nesta
136 1283 179 1342 pre
195 1270 311 1344 genuina
336 1271 473 1349 scriptura
497 1271 655 1332 traduntur.
699 1273 760 1331 Fae
785 1268 869 1347 igitur
886 1267 974 1345 Pighii
992 1267 1110 1326 selredae
1210 1261 1213 1272 '

57 1371 95 1412 nnn
112 1357 204 1419 adesses
229 1362 502 1441 deprehenderemus
530 1368 567 1424 ab
596 1367 655 1426 aliis
683 1365 821 1446 quaedem
849 1363 957 1436 nutari,
984 1363 1020 1418 ab
1048 1361 1109 1420 aliis
1133 1361 1140 1373 ‘
1171 1419 1175 1428 ,

57 1449 129 1506 eniti:
142 1454 346 1516 existimaremus
365 1460 414 1536 qui
432 1459 514 1537 plura
534 1459 649 1535 hahent,
672 1478 706 1518 ex
725 1455 889 1538 apographo
907 1473 942 1514 ea
960 1453 1109 1530 sumpsisse

58 1544 176 1618 rmus,
198 1547 270 1608 lecto
290 1568 354 1608 euru
376 1551 450 1630 lapis
469 1553 577 1630 integer
602 1561 691 1626 esset,
718 1550 795 1629 quud
813 1553 874 1609 eine
891 1548 997 1608 fraudis
1016 1547 1108 1625 suspi-

58 1633 111 1694 tione
123 1637 143 1695 in
159 1639 506 1718 fragmentisdmiterninis
525 1646 642 1721 accidit,
671 1644 728 1706 uid.
747 1644 867 1722 Fuggin.
886 1647 915 1722 p'.
929 1647 994 1701 luo.
1033 1641 1109 1700 Esus

60 1741 106 1784 uere
122 1738 218 1811 exsurgit
242 1737 322 1795 testis
347 1739 551 1816 antiquissimus
569 1738 713 1797 Vinandus
732 1737 864 1816 Pighius,
889 1745 955 1796 ante
981 1748 1065 1813 quem
1089 1751 1110 1792 e

30 1889 31 1892 Ἴ
56 1837 154 1899 quoquam
168 1829 251 1905 ipsum
271 1830 394 1908 lapidem
421 1831 572 1890 litteratum
590 1833 747 1911 inspectum
772 1849 833 1891 esse
858 1833 970 1890 minime
988 1835 1109 1887 wustets
1143 1897 1148 1904 ‚

55 1912 251 1996 hquidertiterit,
269 1923 338 2001 quid
352 1923 510 2001 diffraetum
523 1926 646 2002 perierit,
666 1943 723 1984 non
742 1925 843 2000 obiter,
863 1926 942 1984 uelut
958 1925 1005 1981 ille
1022 1921 1107 1980 homo
1189 1957 1195 1968 ·

29 2037 31 2086 j
54 2004 168 2088 Velenus,
182 2015 227 2073 sed
247 2017 284 2075 ad
301 2018 377 2095 ipsus
396 2018 490 2101 apiees
508 2029 538 2078 et
556 2020 711 2078 litterarum
729 2019 880 2097 particulas
898 2023 1110 2089 commonstrem
1202 2054 1209 2068 ,

29 2099 30 2158 l
54 2096 130 2160 leura
143 2108 248 2182 posthae
269 2127 289 2169 a
307 2111 398 2169 sciolis
423 2110 606 2172 dissimulatus
631 2114 711 2172 nouit
734 2121 764 2172 et
790 2105 858 2190 quid
883 2111 1035 2189 repositum
1057 2108 1129 2190 sit,¹

29 2239 30 2274 ;
53 2208 90 2262 ,ΜΠ
102 2201 166 2257 etmel
181 2203 279 2262 indiest
297 2203 328 2262 in
347 2207 564 2282 commentario,
583 2225 667 2285 quem
685 2205 822 2265 adiunxit.
859 2206 940 2263 uses
957 2219 1032 2261 nune
1048 2201 1109 2272 siu·¹

28 2291 30 2356 l
54 2282 129 2358 tillim
142 2297 384 2368 pernactsuuntur.
566 2297 572 2311 ¹

28 2409 29 2422 ¹
100 2379 216 2446 luendas
232 2409 283 2449 sex
302 2393 450 2468 mensium,
469 2406 542 2470 quae
561 2412 617 2452 non
636 2401 798 2472 supersunt,
817 2392 861 2452 isti
880 2389 1005 2448 homines
1022 2398 1107 2448 nuta·

28 2493 29 2512 ³
54 2485 120 2532 ruunt
132 2479 247 2553 ndentes,
267 2502 325 2542 nnn
344 2495 438 2546 tumen
458 2494 618 2546 constanter
637 2504 755 2554 omnent,
767 2485 837 2546 Kal.
854 2484 923 2562 Apr.
942 2483 1009 2542 hlei.
1029 2487 1107 2562 Aug,

54 2561 122 2641 illus,
139 2570 306 2652 Marcelline,
332 2577 489 2655 Gruterus3
517 2579 585 2640 Kal.
610 2581 692 2660 Sept.
719 2589 749 2639 et
762 2579 842 2640 Dee.
868 2595 964 2637 omnes
990 2587 1106 2656 praeter

53 2651 170 2742 Gustum
194 2669 260 2729 Kal.
280 2670 422 2732 Nouemlr.
443 2691 549 2732 omnes.
590 2675 652 2732 Hnn
677 2673 741 2732 iden
766 2675 872 2732 libitum
892 2690 954 2730 mse
979 2670 1107 2746 uidetur,

50 2750 92 2823 llia
105 2755 248 2839 pleraeque,
277 2781 352 2840 quae
371 2775 468 2825 extent
491 2768 519 2825 in
537 2783 676 2826 mar-more
694 2764 787 2842 Mau,
811 2763 960 2824 Kalendae
978 2761 1104 2822 nefastae

50 2854 97 2909 snt.
124 2850 213 2913 Videor
230 2857 299 2914 milri
316 2857 470 2937 intelligere
489 2860 574 2936 longe
593 2862 674 2920 aliter
691 2860 765 2918 hauc
783 2877 843 2917 rem
861 2857 984 2938 suturam
1003 2857 1100 2932 sune,

48 2933 62 2990 δι’
74 2939 203 3020 reliquorum
220 2948 359 3010 fastorum
375 2971 449 3030 quae
463 2952 549 3026 hodie
559 2953 692 3012 lrabernus
709 2951 878 3028 fragmenta,
898 2969 1027 3030 quaeque
1039 2949 1105 3008 Ka·

49 3026 113 3092 hildes
132 3043 278 3126 continent,
306 3063 362 3102 nnn
387 3044 501 3102 inuenta
526 3045 638 3104 demum
664 3045 781 3104 fuissent
804 3045 918 3102 saeculo
943 3045 1053 3101 deeinrn
1071 3049 1103 3100 et

48 3131 126 3203 omne,
144 3130 318 3196 Praenestina
334 3139 436 3207 1774,
465 3139 636 3197 Arniternina
663 3141 760 3211 1703,
788 3137 926 3196 Antistius
947 3137 1039 3194 17132
1062 3133 1101 3209 ln,

49 3231 94 3288 llll
107 3233 160 3282 nota
175 3227 305 3304 luerunt,
331 3229 489 3308 fragments
509 3233 728 3310 Capranieurum
752 3230 818 3306 ipsis
835 3228 971 3293 Kalendis
991 3228 1104 3306 integre·

49 3323 118 3388 mut,
139 3336 184 3378 nee
207 3323 297 3400 ipsam
322 3334 418 3382 notam
438 3325 572 3386 eiusmodi
597 3327 773 3384 emitterent:
799 3323 823 3380 si
849 3323 877 3380 in
897 3322 1039 3384 Venusino
1058 3321 1099 3379 nti

47 3405 152 3474 wishem
170 3413 314 3474 hluraturii
340 3419 523 3493 auctoritate,
552 3419 601 3494 qui
624 3418 690 3476 Kal.
709 3417 776 3474 Mai.
796 3415 882 3474 fustes
908 3417 1010 3490 tradit,
1034 3429 1098 3473 cum

45 3491 155 3564 muru.
179 3515 207 3568 et
234 3518 301 3572 ante
327 3528 391 3568 euru
416 3513 464 3588 qui
490 3511 648 3588 fragmenta
668 3511 809 3576 Venusina
829 3509 998 3588 publicauit,
1021 3506 1098 3585 quud

44 3585 128 3662 illitum
143 3617 198 3658 esse
217 3619 294 3676 reor,
313 3603 399 3662 Aldus
418 3606 551 3664 tomnlll
568 3603 753 3662 Ouidii151u
770 3605 870 3664 iterum
889 3622 906 3661 a
925 3621 955 3660 se
974 3601 1040 3662 editi
1058 3602 1097 3660 ita

43 3674 137 3747 hiant:
153 3693 218 3754 All.
238 3699 314 3756 Mai.
333 3695 391 3755 led.
412 3697 468 3757 lar.
486 3697 510 3770 f.
545 3692 623 3770 Non,
640 3697 763 3775 inquam,
781 3697 896 3756 dubium
915 3705 977 3769 est,
988 3695 1053 3772 quin
1071 3695 1095 3754 si

43 3769 204 3855 disputatores
223 3791 262 3848 illi
286 3809 360 3850 enee.
380 3791 456 3851 XVl.
477 3789 722 3870 deprehendissent
747 3792 775 3848 in
801 3790 912 3868 reliquis
935 3787 1014 3848 fastis
1031 3786 1095 3845 Kn-

43 3861 106 3931 ludu
116 3895 166 3954 em,
177 3901 250 3958 qnae
265 3884 366 3942 absunt
380 3901 398 3942 a
411 3883 567 3954 illudendis,
579 3883 681 3960 signari
695 3882 851 3960 plerasque,
870 3881 926 3942 lrne
941 3891 983 3940 est
999 3899 1095 3944 omues

43 3973 118 4060 letter
134 3973 195 4050 hug.
215 3984 245 4034 et
263 3977 347 4052 Dee,
366 3975 468 4054 festas,
488 3977 515 4036 id
535 3977 639 4036 inerint
656 3977 797 4036 imitaturi.
836 3975 938 4052 Neque
956 3977 1029 4034 enirn
1048 3991 1093 4034 ra·

44 4059 111 4115 lmen
125 4076 227 4127 smutos
247 4075 315 4148 puto
334 4071 365 4132 in
381 4088 432 4142 en,
455 4071 531 4148 quod
550 4071 604 4149 ipsi
621 4070 765 4145 fecerunt,
784 4070 972 4147 neque‘istius
990 4071 1031 4128 rei
1048 4085 1093 4124 ra·

43 4145 113 4212 ¹5⁰³ss
127 4171 294 4223 meriturus
311 4164 406 4226 fuisse.
446 4163 558 4224 Scilicet
581 4164 605 4225 si
630 4181 716 4242 supra
739 4163 777 4222 de
803 4163 899 4224 diebus
918 4161 1025 4222 senatui
1044 4159 1094 4216 ha·
