2678 4668
184 266 310 328 crura
642 262 686 314 na
706 259 817 334 suern

183 419 341 496 Quidnam
362 413 510 497 natigiunr
534 412 610 499 apud
629 413 747 478 Paulum
764 415 919 492 Bissonum
937 418 1024 496 p.ll‚
1037 413 1084 498 ¹.⁴·
1123 413 1162 476 dn
1181 411 1282 480 Citari·

182 516 240 590 ariis
258 533 288 576 u.
301 512 358 570 629
376 527 440 571 eum
463 509 628 590 scripturam
648 511 814 570 anteritate
834 507 960 568 radicum
981 510 1281 586 mutarem-obuersa·

182 609 265 668 betur
283 605 349 666 milri
367 603 444 662 lucus
462 603 544 662 Pauli
561 603 639 662 Diae.
658 622 688 680 p.
702 608 770 680 122,
781 607 810 666 a.
846 603 952 662 Versus
971 601 1028 660 635
1047 603 1213 688 scripturam
1232 623 1282 664 un·

180 709 269 768 mem
288 706 319 756 ut
337 695 527 778 rotundiorem
545 695 683 774 probabat
699 693 880 756 Schraderns.
919 695 1056 771 Termini,
1075 713 1158 776 quem
1178 696 1283 756 incula·

181 794 250 859 riter
264 789 301 850 ad
314 788 432 870 priscam
445 787 578 870 precandi
595 786 743 848 formulam
761 791 821 874 etue
839 788 915 860 dnn,
933 791 994 848 siue
1011 787 1073 860 den,
1092 789 1199 850 Arnob.
1212 793 1245 866 3,
1253 793 1283 864 8,

50 941 57 962 „
180 885 331 964 alloquitur
349 881 467 942 Ouidius
482 887 512 954 2,
527 883 596 966 630,
614 900 724 944 sacrum
742 882 890 960 Dionysius
906 883 970 942 Hal.
986 887 1017 958 2,
1029 885 1069 940 74
1087 881 1183 958 donet,
1203 893 1236 942 nt
1254 893 1284 944 et

181 978 302 1040 Ouidius
326 975 427 1050 hebet,
454 974 596 1056 publicum
620 985 650 1036 et
671 976 811 1062 populare
833 975 938 1036 fuisses
960 973 1010 1036 sed
1029 973 1066 1034 da
1086 976 1190 1054 publici
1207 977 1283 1054 luen,

179 1073 282 1144 essedo
298 1069 334 1130 sd
351 1071 423 1128 niam
435 1067 643 1140 Leurentinarn,
660 1088 746 1150 snpra
765 1089 795 1149 p.
809 1064 891 1130 rm
909 1069 1001 1130 neseio
1020 1069 1160 1150 quomodo
1174 1089 1219 1132 me
1234 1071 1283 1128 fu·

179 1167 252 1247 gerit
269 1163 454 1228 testimonium
469 1163 619 1224 Strabonis
636 1161 667 1237 i,
686 1183 716 1241 p.
728 1167 784 1227 372
803 1163 934 1224 Taurhu.
971 1162 1017 1222 De
1041 1163 1154 1226 metina
1172 1163 1281 1229 dieen-

179 1261 214 1338 tit
233 1259 352 1324 Ouidius
370 1275 389 1319 a
406 1255 551 1332 Dionysio.
589 1256 635 1316 De
652 1257 800 1338 Regifugio
819 1276 905 1338 supra
925 1273 1072 1336 p.snr111
1091 1265 1120 1316 et
1138 1256 1176 1320 de
1193 1257 1283 1336 Equi·

178 1353 224 1414 riis
243 1352 368 1433 proxima
386 1350 476 1428 legisti
502 1366 576 1430 quae
598 1351 674 1412 noni.
713 1351 847 1411 Kalendis
867 1351 973 1410 Martiis
991 1349 1163 1427 murreaque
1179 1348 1282 1424 feius,

178 1463 248 1530 quas
274 1444 339 1504 dicit
358 1442 548 1508 Tertullianus
573 1442 610 1506 de
635 1443 731 1506 idolol.
750 1443 847 1523 p.623
868 1444 914 1504 ed.
936 1444 1013 1524 Pan,
1041 1463 1097 1504 non
1122 1443 1283 1523 plenissima

177 1548 290 1610 enarrat
309 1537 438 1598 ouidim.
478 1538 600 1598 Narrare
619 1536 786 1612 Sabinarum
805 1545 899 1615 raptu,
921 1545 951 1595 et
969 1537 1203 1616 quemadmodum
1222 1538 1282 1619 pri·

177 1652 260 1720 urrunnun¹
277 1650 360 1725 gesner
378 1639 461 1710 etquis
478 1649 555 1692 anser
576 1630 648 1696 dirir
665 1632 851 1692 mannent
870 1633 975 1706 remu,
999 1630 1120 1693 Martial.
1141 1633 1172 1704 9,
1186 1633 1237 1708 70,
1252 1635 1282 1706 3,
1336 1691 1337 1698 ,

177 1737 237 1789 turn
255 1728 413 1786 interuentu
433 1735 622 1786 matronarum
643 1736 673 1786 et
690 1724 871 1804 paruulorum
890 1723 1008 1786 sentium
1033 1733 1063 1782 et
1088 1723 1235 1784 infantium
1254 1727 1283 1784 iu

177 1821 295 1901 gratiam
314 1819 464 1894 redierint,
492 1820 593 1897 quain
613 1820 850 1880 reuersurum
869 1817 1010 1876 tenerrimi
1029 1815 1145 1876 effectus
1164 1816 1282 1896 plenum

177 1933 234 1980 non
248 1912 332 1974 eredo
348 1911 488 1972 difficilem
507 1911 660 1984 intellectu,
680 1910 731 1968 nisi
743 1910 791 1988 qui
807 1910 940 1969 barbarus
958 1911 1010 1994 sit:
1029 1910 1093 1968 hine
1110 1911 1195 1988 igitur
1213 1930 1283 1970 eon·

177 2007 263 2066 eludit
281 2026 310 2064 n.
321 2008 382 2063 229
400 2023 464 2064 eum
487 2006 578 2084 ipsum
601 2002 694 2082 diem,
719 2022 776 2082 quo
794 2007 930 2082 primurn,
955 2003 974 2061 i.
995 2022 1021 2062 e.
1041 2001 1105 2064 olim
1123 2002 1152 2062 id
1172 2012 1284 2082 gestum

175 2101 277 2177 inerit,
302 2117 429 2160 seruasse
454 2100 495 2158 rei
522 2099 693 2158 memoriam.
737 2093 833 2156 Altera
856 2106 901 2156 est
924 2097 1042 2178 suspirio
1068 2115 1096 2155 u.
1110 2099 1284 2156 eal-234

176 2193 249 2255 diem
268 2211 324 2252 nnn
344 2193 476 2252 traditum
495 2209 568 2266 esse,
586 2189 637 2250 sed
656 2191 774 2250 electum
794 2188 860 2248 data
875 2206 963 2266 opera
978 2189 1023 2248 uel
1038 2201 1155 2268 propter
1173 2190 1284 2250 animn-

175 2307 236 2372 sum
257 2297 446 2346 matronarum
464 2285 581 2362 laetum,
601 2284 647 2344 uel
666 2293 783 2364 propter
800 2282 888 2340 lliem.
927 2281 999 2340 ilinc
1017 2283 1216 2362 particularum
1235 2302 1283 2344 ra·

4 2373 8 2381 ’
133 2447 135 2452 ,
175 2382 215 2440 tio
234 2381 419 2458 intelligetur,
446 2397 515 2457 quas
540 2378 657 2438 mutaui.
696 2377 830 2455 Sequitur
847 2383 951 2455 quarta
967 2393 1051 2434 cause
1070 2374 1147 2456 apud
1165 2384 1282 2455 poetam

174 2461 205 2542 u.
220 2473 398 2548 aaa-244,
418 2491 492 2551 quae
511 2472 561 2529 nisi
580 2470 664 2529 fallor
681 2468 801 2529 indidem
820 2478 930 2548 sumpts
949 2477 1004 2544 est,
1022 2468 1097 2528 unde
1116 2468 1187 2530 haee
1206 2470 1282 2530 Ver-

172 2567 208 2626 rii
226 2565 302 2646 apud
315 2567 429 2625 Festum
444 2584 474 2644 p.
487 2568 556 2636 372,
569 2568 587 2621 l
599 2565 666 2624 sine
688 2567 804 2636 Vernae,
823 2563 870 2640 qui
889 2563 920 2620 in
937 2561 1015 2622 uillis
1032 2581 1096 2622 uere
1113 2565 1186 2635 anti,
1206 2563 1281 2642 quod

108 2692 109 2702 κ
158 2651 284 2740 'tensurus
308 2657 375 2718 dure
400 2666 508 2718 nutura
530 2656 642 2732 fetum
668 2664 724 2716 est:
754 2664 781 2715 et
807 2663 953 2726 luseram
977 2655 1101 2717 dwirssn
1127 2660 1282 2718 masuris

174 2739 270 2815 Marti
287 2756 385 2812 Nuria
406 2751 561 2830 Pompilius
584 2754 663 2832 puris
687 2747 881 2809 concredimus
903 2748 1063 2810 nitimdse
1085 2756 1183 2830 gratis
1206 2756 1282 2814 ister

174 2846 296 2908 aarum
314 2849 524 2923 maurosque,
550 2851 607 2916 „ul
624 2862 728 2903 snmus
747 2845 871 2902 uincerent
893 2861 946 2902 serr
964 2847 1130 2911 uinum?
1167 2850 1282 2908 Romn-

174 2960 227 3002 nes
245 2943 317 3002 esim
335 2956 439 2999 uenas
457 2935 647 3015 appellabunt,
666 2935 697 2998 td
717 2942 758 2996 ert
775 2933 874 3000 utum
891 2943 983 3008 news,
1001 2956 1071 3015 quar
1087 2942 1196 3002 unm
1214 2959 1281 3020 ger-

172 3037 308 3096 rririurum
325 3031 473 3095 arbitrium
491 3030 623 3106 Setiam
650 3034 699 3109 qui
716 3033 853 3090 meimet
875 3037 957 3090 erunt
974 3047 1036 3090 eurr
1053 3034 1088 3090 P.
1106 3037 1149 3094 lt.
1188 3035 1280 3094 lluins

172 3130 308 3190 lemmatis
327 3145 393 3208 pars
411 3127 490 3204 priqr
508 3145 565 3186 non
585 3124 659 3196 rusie
678 3124 808 3184 conuenit
827 3123 920 3182 uerbis
935 3122 1093 3202 Ouidianis,
1112 3128 1185 3186 inter
1205 3145 1281 3206 qnae

173 3223 210 3282 de
228 3224 335 3284 militia
349 3228 451 3302 perlue
472 3217 869 3292 contemnemdum&
896 3221 934 3276 El
957 3217 1037 3278 rudis
1062 3219 1102 3278 ud
1124 3227 1227 3299 nudae
1251 3227 1282 3280 sl

172 3335 248 3377 noun
273 3315 352 3375 mites
376 3334 471 3388 eretur
503 3313 601 3376 Menil.
619 3316 650 3387 2,
665 3315 720 3369 20³
745 3311 934 3388 Mutinamque
951 3311 1020 3384 soli;
1049 3313 1135 3374 eund.
1151 3315 1187 3388 ’4,
1203 3316 1280 3376 4042

172 3413 320 3482 Laeter-ins
337 3427 442 3487 queque
459 3408 562 3466 militia
580 3412 631 3466 est.
661 3405 758 3464 Altera
776 3423 842 3484 pars
861 3406 919 3484 agit
937 3405 973 3467 de
992 3407 1047 3464 ritu
1066 3423 1145 3468 sacro
1163 3403 1282 3466 ultimae

129 3504 133 3516 '
172 3504 350 3582 antiquitatis.
387 3503 443 3561 Vix
466 3500 626 3580 putauerim
652 3497 748 3559 Ouidii
772 3509 865 3558 aetate
888 3485 943 3558 ¹aut
968 3517 1021 3578 per
1044 3509 1203 3571 maurum,
1228 3508 1283 3560 sut

171 3617 223 3684 per
241 3595 399 3656 sacerdotes
418 3595 505 3669 alias,
530 3612 614 3672 quam
635 3593 726 3652 Salios
745 3590 829 3650 Marti
848 3593 982 3655 Kalendis
1000 3593 1106 3652 Martiis
1126 3596 1282 3676 quiequam

172 3692 212 3750 rei
231 3691 345 3750 diuinae
362 3687 474 3766 publice
492 3685 614 3774 factumn
632 3684 723 3760 forise
736 3687 892 3746 Martia-in
911 3688 1006 3746 tabula
1024 3686 1208 3745 Praenestina
1226 3705 1282 3744 an·

158 3795 284 3845 notatae
303 3781 370 3862 quid
389 3780 553 3860 significent,
573 3797 658 3858 supra
678 3771 977 3859 coniecturam'pnsuiz
997 3777 1073 3860 quod
1094 3778 1215 3838 Ouidius
1234 3780 1282 3839 di·

171 3879 209 3938 eit
226 3898 256 3938 u.
269 3875 328 3936 251
348 3884 486 3950 manum,
505 3873 565 3932 siue
584 3873 776 3951 corrigendum
797 3883 855 3948 ast,
875 3875 951 3953 quod
970 3873 1174 3952 propemodum
1195 3882 1281 3952 puto,

171 3971 266 4032 matris
284 3990 349 4033 eum
368 3970 478 4028 turbam
497 3967 693 4046 frequentare,
718 3967 833 4046 intelligi
857 3968 922 4025 licet
941 3968 977 4026 de
995 3967 1096 4026 mensis
1116 3966 1175 4026 eins
1194 3967 1282 4044 prin-

170 4067 252 4146 cipio.
292 4065 393 4143 Neque
412 4073 505 4122 tamen
524 4070 567 4122 est
586 4060 742 4140 negandum
767 4061 795 4120 in
806 4060 873 4118 uite
891 4058 1042 4120 domestica
1060 4059 1148 4118 multa
1166 4058 1206 4117 de
1225 4077 1280 4120 ue·

170 4159 223 4218 teri
246 4177 326 4222 sano
350 4157 530 4232 remansisse,
555 4154 681 4236 inprimis
704 4153 781 4234 quod
804 4153 962 4216 Macrobius
987 4151 1071 4216 trsdit
1096 4159 1153 4230 sat,-
1172 4156 1204 4230 1,
1223 4156 1279 4230 1²,
