2688 4680
547 261 664 329 coarto
1056 265 1159 320 exorx

54 423 99 476 ert
118 411 265 476 Euander.
302 413 411 482 Desunt
435 420 520 474 testes
546 413 639 476 idonei
663 411 700 472 de
724 412 784 476 eius
807 412 919 479 fabulae
936 415 1011 494 apud
1029 418 1154 484 Graecos

53 505 300 576 adcisdtudinibos.
333 508 502 568 ACnmanis
511 507 631 566 Romam
649 509 757 569 uenisse
770 507 903 568 concedo.
931 507 1076 571 Romanae
1087 531 1154 574 uar-

52 601 171 660 rationis
192 599 331 671 elementa
347 603 372 660 si
390 603 525 682 replicare
544 601 623 677 uelis,
642 610 747 684 quanto
762 601 924 678 uetustiora,
943 612 1021 661 tanto
1037 603 1153 688 dissimi-¹

50 696 122 754 liora
142 693 263 752 Greecit
286 692 420 754 inuenies.
458 693 575 772 Singula
598 693 707 772 collegit
725 693 877 772 Virgilius,
897 712 981 772 quem
1000 713 1017 755 e
1036 699 1151 777 aestimo

50 789 182 868 sequitur
200 785 327 846 Ouidius.
363 787 487 848 Primum
506 789 668 866 igiturest,
692 785 767 866 quod
785 787 1151 870 Polybiustestnturgrae-
1249 851 1255 863 ,

49 902 112 942 cum
132 881 251 956 bmoem
277 881 332 958 sibi
354 881 506 942 uindicasse
524 881 666 942 Romanos
690 889 720 945 et
744 879 838 959 quod,
860 891 996 960 quantum
1019 884 1151 964 edamus,

49 991 130 1032 nemo
151 970 193 1030 de
212 970 273 1031 eins
292 973 417 1035 aduentu
436 974 591 1050 dubitauit,
614 974 794 1053 quamobrem
812 983 903 1034 oertm
925 972 994 1034 deus
1017 975 1150 1038 dicendus

49 1064 100 1124 init
119 1083 138 1126 a
158 1063 299 1124 Varrone.
338 1066 414 1126 Nom
433 1087 468 1128 ex
490 1068 607 1128 Arcadia
632 1085 696 1128 eum
721 1068 828 1128 uenute
853 1066 940 1126 multo
958 1077 1025 1128 ante
1041 1070 1151 1148 Polybii

51 1168 96 1218 aut
109 1156 182 1232 nteit
202 1167 330 1236 tempore
343 1158 463 1220 Romani
482 1161 657 1242 crediderint,
676 1163 724 1220 uix
742 1161 829 1220 ausim
847 1159 996 1221 ammam
1027 1160 1072 1221 De
1090 1163 1148 1221 exi-

50 1251 84 1309 lio
102 1252 166 1310 eius
187 1251 391 1329 antiquissimus
409 1252 492 1314 hodie
517 1254 593 1316 testis
612 1264 656 1315 est
672 1255 763 1314 Varro
780 1253 817 1314 tr.
833 1257 881 1329 to,
907 1251 959 1311 cfr.
979 1251 1056 1334 Vmg.
1070 1254 1147 1312 den.

52 1347 78 1414 8,
92 1348 163 1418 333,
185 1341 243 1400 Ou.
257 1347 286 1419 1,
297 1344 355 1402 475
369 1363 444 1424 nqq„
463 1347 545 1424 Seru.
559 1348 579 1428 l.
599 1345 674 1406 ind:
693 1353 754 1422 aot,
772 1353 805 1404 sl
823 1343 945 1406 dicimus
962 1364 1060 1424 sopra,
1076 1365 1147 1426 pro-
1209 1341 1210 1348 '

49 1443 104 1514 pter
119 1434 317 1516 porriddinm,
336 1444 388 1496 ost
401 1445 471 1498 carte
484 1439 659 1502 mundorum
670 1441 831 1506 ammeitote
844 1437 1022 1517 compulsum.
1051 1439 1147 1518 Supra

49 1529 185 1589 adu-51
212 1527 249 1588 de
272 1539 354 1608 patto
378 1539 427 1589 aut
450 1543 540 1592 matre
565 1542 664 1592 necata
686 1533 888 1612 expliceoeratr
913 1536 1049 1610 posterius
1069 1533 1146 1594 credi

48 1642 101 1682 oon
124 1623 241 1702 potuit,
264 1634 415 1702 postquam
434 1625 584 1702 Cnrmema
608 1645 659 1703 pro
682 1635 771 1686 matre
790 1626 849 1684 eiua
867 1625 963 1686 haberi
981 1626 1089 1706 coepit,
1115 1635 1145 1686 et

49 1715 225 1776 neruorum
236 1718 386 1776 anomaliae
405 1727 455 1776 aut
474 1735 509 1776 ex
521 1716 624 1781 Ouidio
637 1731 687 1789 eet,
706 1727 756 1778 ant
773 1719 809 1778 ab
828 1719 872 1794 iia,
890 1720 938 1797 qui
956 1717 993 1777 de
1005 1717 1144 1778 Themide

48 1809 228 1887 Tbelpusaea
247 1808 434 1868 coniecturam
452 1809 589 1870 iecerunt.
626 1811 717 1871 Patris
735 1830 831 1872 necem
850 1813 969 1891 explicat
980 1797 1143 1878 clauserius

48 1920 74 1979 p.
90 1903 166 1960 1239
189 1918 245 1958 aas
261 1899 500 1986 polluatidiscitem
516 1907 681 1980 vernano.-
702 1903 752 1964 sed
771 1923 907 1986 nusquam
925 1902 1001 1983 apud
1016 1904 1142 1963 Graecos

49 1994 211 2053 uetustiores
233 1992 278 2052 uel
297 1995 503 2069 exulceraret
521 1997 629 2073 saltim,
651 1997 725 2056 unde
744 1996 772 2055 id
793 2000 889 2058 coniici
907 1998 1058 2079 potuisset,
1077 1995 1141 2074 plu·

48 2089 119 2146 ribus
143 2088 174 2145 in
201 2083 269 2146 locis
295 2087 415 2147 eundem
433 2089 598 2150 Euandrum
621 2091 709 2150 fuisse
733 2089 861 2153 traditur.
897 2093 1023 2150 Alterum
1041 2097 1084 2148 est
1103 2075 1143 2146 de

48 2179 168 2240 Euandri
189 2188 239 2238 aut
257 2191 361 2258 nepote
385 2183 536 2242 secundnm
554 2184 715 2259 Polybium,
739 2192 789 2241 ent
806 2183 864 2242 filio
881 2181 1032 2242 secundum
1050 2180 1141 2258 Virgi-

48 2274 109 2334 lium
128 2276 201 2334 den.
221 2273 343 2348 &5103
369 2280 407 2332 12
425 2275 487 2352 fin,
513 2276 565 2335 cir.
585 2275 670 2336 Ouid.
691 2282 720 2351 l,
740 2279 807 2334 ³21.
845 2275 898 2334 Hic
916 2291 1028 2353 quoque
1046 2271 1140 2330 Pallas

49 2368 153 2427 nomine
179 2374 261 2425 tenos
280 2383 299 2425 a
317 2366 435 2426 Graecis
457 2378 616 2447 assumptus
639 2367 758 2428 uidetur.
794 2365 893 2427 Audax
898 2407 909 2439 ,
930 2365 981 2425 sed
998 2366 1140 2446 ingeniosa

47 2471 86 2520 est
102 2459 247 2519 Cleusemi
270 2459 429 2519 comeatum
445 2479 475 2538 p.
490 2463 546 2520 891
565 2457 792 2542 optinendam
815 2469 846 2519 et
866 2457 1026 2520 Pallantem
1050 2457 1139 2518 dictos

47 2553 126 2613 inisse
145 2553 211 2612 oiim
231 2552 318 2616 latine
336 2555 373 2611 ab
392 2553 550 2614 nmoonrdo
571 2563 601 2614 et
619 2572 636 2614 a
655 2553 752 2632 polan:
770 2554 874 2613 soi-lioet
891 2551 1006 2613 deorum
1019 2551 1071 2612 lroc
1085 2569 1140 2632 par
1206 2615 1210 2630 Ι

47 2645 179 2722 ordinem,
199 2665 256 2723 quo
273 2645 303 2704 in
322 2646 538 2723 indigitamentis
555 2648 676 2726 positum
694 2647 788 2732 suerit,
806 2647 834 2704 in
851 2646 1011 2725 genealogia
1025 2663 1139 2725 quoque

48 2757 184 2798 marce:
209 2737 317 2798 accedit
336 2739 412 2817 quod
429 2739 628 2824 Dionysiusll,
646 2746 685 2799 32
710 2750 797 2818 negat
814 2741 932 2800 Pallanti
952 2759 1031 2798 sacra
1048 2740 1137 2814 lacta,

47 2851 115 2910 quae
131 2831 258 2891 fortassis
276 2832 305 2890 in
320 2831 417 2892 Palem
436 2834 520 2893 deum
538 2833 655 2893 deamue
681 2833 781 2891 collata
798 2841 874 2892 sunt.
911 2833 1061 2910 Postquam
1079 2831 1137 2889 Pa·

47 2925 100 2984 latii
118 2944 135 2984 a
153 2925 283 2985 Pallante
307 2925 452 3002 originatio
474 2926 522 2985 illa
538 2926 692 3002 Polybiane
716 2927 743 2983 in
763 2926 929 2986 obliuionem
954 2926 1054 2999 cessit,
1076 2933 1136 2982 tom
1161 2945 1163 2953 ¹

47 3017 153 3078 demum
180 3016 343 3101 crediderim
370 3019 460 3098 ipsum
485 3017 648 3076 Euandrum
675 3035 693 3075 a
717 3017 854 3078 Pallantia
882 3018 970 3098 repeti
995 3024 1134 3094 coeptum.

47 3113 114 3170 Ante
132 3129 200 3170 uero
217 3129 303 3191 quam
320 3111 350 3170 id
369 3113 482 3172 fierete
500 3111 590 3170 doctis
607 3110 688 3182 uiris,
710 3129 773 3170 cum
794 3111 921 3170 Euandri
936 3107 1049 3167 historia
1067 3125 1137 3164 coa·

47 3204 133 3264 iuncte
151 3215 218 3263 sunt
235 3204 384 3284 hospitium
403 3204 531 3264 Herculis
546 3213 576 3262 et
593 3199 757 3282 supplicium
777 3203 864 3279 Caci,
885 3213 970 3282 prout
988 3201 1134 3260 coniuncta
1233 3195 1236 3218 ¹

46 3297 152 3358 fuemut
170 3295 247 3376 apud
266 3297 408 3358 Cumanos
426 3297 543 3358 docente
561 3297 708 3356 Clausenin
727 3296 919 3366 ann.1427b,
940 3291 1086 3371 uidvirg.
1101 3297 1135 3370 8,

48 3393 217 3465 sss-267,
236 3389 294 3451 Ou.
309 3397 340 3466 1,
350 3389 523 3452 oid-584.
560 3389 599 3450 Et
617 3391 683 3468 quia
700 3389 848 3448 aGraecis
860 3385 1023 3474 Euandrum
1041 3395 1070 3446 et
1087 3387 1133 3448 lit·

48 3493 163 3542 terarum
186 3503 266 3542 nsum
292 3494 476 3563 acceperunt,
500 3484 639 3565 finxerunt
664 3481 714 3539 iras
733 3483 769 3539 ab
788 3483 835 3540 illo
853 3497 914 3540 ease
933 3480 1044 3557 allatas,
1068 3480 1133 3540 uide

50 3577 194 3636 mononis
218 3575 295 3655 apud
312 3577 443 3638 Clausen.
463 3597 531 3637 non.
551 3578 658 3634 1772e.
698 3573 764 3632 Non
787 3575 914 3649 maenio,
937 3573 1076 3652 quomodo
1095 3573 1133 3634 ad

51 3669 219 3730 Carmentem
237 3672 296 3730 eius
315 3680 432 3730 matrem
451 3671 648 3748 perreriam,
667 3667 717 3729 nisi
735 3651 799 3726 curn
817 3669 950 3726 concinis
967 3667 1135 3736 nombalum

51 3761 171 3822 latissime
192 3774 305 3842 pateat,
331 3766 530 3824 normannos
552 3778 666 3848 quoque
690 3759 755 3817 olim
778 3760 904 3819 librarios
926 3779 1022 3820 omnes
1043 3758 1133 3818 dicton

53 3853 128 3914 inisse
143 3857 257 3918 wotos
274 3856 311 3917 ad
331 3858 400 3916 Aen.
418 3860 450 3931 8,
468 3859 529 3914 336
545 3853 642 3926 tradit,
659 3852 754 3930 bisque
771 3853 801 3910 in
818 3853 1031 3930 indigitamentis
1048 3870 1130 3932 prae·
1179 3922 1182 3930 Ι
1288 3841 1291 3849 ’

56 3941 103 4002 luit
118 3947 261 4010 Carmenta
282 3931 418 4028 utraque,
435 3947 561 4006 Porrima
580 3956 610 4005 et
627 3944 793 4022 Postuerta,
814 3965 888 4023 quae
906 3947 1018 4004 nomina
1035 3945 1132 4023 utique
1305 3941 1310 3950 '

55 4035 127 4096 riter
145 4043 255 4122 intelligi
274 4042 433 4117 debellant,
457 4060 521 4098 cum
547 4057 612 4098 usur
636 4040 791 4118 scripturae
814 4038 975 4098 alternantis
995 4037 1128 4096 desiisset.

55 4126 96 4188 De
112 4130 148 4192 h's
164 4135 221 4194 eliis
237 4135 527 4214 interpretationibus,
550 4152 668 4214 quarum
692 4134 782 4192 altera
804 4131 926 4192 adhibita
943 4137 985 4191 est
1003 4128 1040 4190 ad
1059 4146 1130 4190 con-
1254 4211 1256 4218 Ι

60 4223 349 4290 donnumfrontem
368 4245 507 4308 graecam,
527 4225 644 4308 porthac
662 4229 737 4306 leges
756 4243 807 4286 suo
824 4225 899 4286 loco.
976 4255 978 4260 v
