2636 4678
121 301 125 320 '
185 304 258 350 xx11
597 304 644 348 ΠΒ
663 297 867 349 lvcronrttvs

171 453 279 532 ,potest
290 451 344 512 lro'c
359 451 550 532 quadrataiius
563 452 737 525 commisisse,
755 454 932 533 quantumuis
944 451 1175 514 consentientibus
1188 462 1284 511 contra

132 549 134 554 '
184 547 312 626 'Pighium
331 537 452 624 reliquis.
489 547 560 606 Illud
579 567 648 606 uero
670 548 759 606 Aldus
774 559 803 606 et
821 547 959 607 Graeuius
976 551 1194 626 peccauerunt,
1207 547 1283 624 quod

183 641 213 701 V
232 651 261 699 et
279 640 384 699 IV‘Kl'
403 639 469 696 Mai.
496 641 605 700 litterae
630 637 663 699 ΙΙ
680 652 709 700 et
733 642 758 700 Ε
785 651 1021 719 transponuntur,
1048 639 1123 718 quod
1146 639 1211 698 XIV
1235 640 1282 697 ΚΡ

184 733 266 812 sept.
287 733 458 809 vluna,
480 733 555 812 quoa
575 735 646 812 psa
665 735 708 795 ru
729 735 809 813 sept.
829 735 894 810 eu,
914 733 990 812 quoa
1007 733 1124 814 ponsa.
1143 733 1184 790 ra.
1202 733 1283 811 Sept.

184 827 311 886 scribitur
330 827 413 885 AFF.
429 825 574 897 EQVOR.
589 827 703 888 PROB.
744 829 786 886 lta
805 829 888 887 etiarn
913 844 974 885 cum
994 827 1102 885 litterae
1121 826 1284 885 adiiciuntur

184 919 315 996 aPigbio
335 923 451 980 omissae
470 921 658 1000 scribiturque
671 923 767 981 nonies
785 921 860 999 apud
880 921 980 978 Aldum
996 921 1149 979 Gr'uterum
1168 930 1196 978 et
1207 921 1283 996 Fug-

183 1011 285 1088 ginium
303 1012 445 1089 MATRt,
464 1015 572 1090 LVDl,
578 1013 682 1073 ClRC
708 1034 761 1092 pro
780 1014 912 1088 MATR,
932 1013 1031 1088 LVD,
1049 1013 1124 1084 ClR,
1151 1013 1195 1072 uel
1219 1033 1282 1070 cnm
1314 993 1315 1066 l

183 1114 227 1163 ter
245 1093 323 1183 apud
341 1109 453 1164 eosdem
473 1107 550 1166 LVD
569 1128 622 1186 pro
643 1107 744 1181 LVDl,
765 1107 879 1184 Piglrii
872 1107 955 1196 ipsius
975 1107 1067 1164 manui
1085 1109 1171 1184 magis
1190 1106 1315 1176 credo,

69 1269 71 1276 γ
183 1215 268 1276 quam
286 1209 457 1258 caeterorum
477 1201 563 1276 libris,
583 1203 629 1259 ubi
648 1203 713 1282 quid
734 1201 884 1279 typotlretis
902 1199 1049 1272 debeatur,
1069 1201 1184 1258 nescias.
1213 1199 1284 1256 For·

183 1299 258 1350 tasse
283 1295 354 1350 enim
382 1293 409 1351 id
435 1313 546 1372 quoqne
572 1295 608 1352 ad
633 1295 822 1374 typographos
854 1295 1003 1371 pertinet,
1017 1292 1092 1372 quod
1117 1291 1203 1349 Aldus
1230 1309 1285 1348 una

183 1385 349 1464 plerumque
367 1387 519 1445 litterarum
539 1385 634 1447 forma¹
649 1383 750 1464 lrtitur,
774 1387 924 1468 Fogginius
950 1387 1036 1444 tribus
1055 1385 1186 1456 diuersis,
1214 1401 1286 1462 quae
1314 1383 1315 1390 '

183 1495 229 1535 res
248 1496 333 1556 saepe
352 1499 408 1536 non
429 1489 471 1539 est
490 1469 590 1539 nullius
615 1481 756 1560 mbmenti.
796 1481 984 1538 Confirmatur
1009 1479 1079 1536 baec
1102 1478 1221 1556 suspicio
1239 1497 1286 1552 eo,
1314 1543 1315 1556 χ

183 1570 259 1649 qnod
279 1574 327 1650 qui
345 1571 460 1630 aliorum
487 1575 614 1652 exempla
632 1577 705 1652 typis
727 1577 928 1655 repetiuerant,
947 1573 1058 1631 midime
1077 1573 1286 1646 srbi'constant,

183 1665 294 1724 minime
313 1659 456 1725 cauerunt.
496 1667 654 1726 Marcelline
674 1669 757 1727 modo
775 1667 971 1727 absurdissima
991 1681 1123 1747 quaeque
1141 1665 1204 1723 Aldi
1223 1663 1288 1722 red·

183 1757 241 1831 dit,
265 1759 349 1818 modo
375 1777 409 1818 ex
435 1761 550 1819 Gruteri
575 1761 706 1825 thesauro
732 1763 869 1840 quaedam
891 1760 1041 1832 admiscet,
1072 1757 1210 1817 interdum
1237 1777 1289 1816 sua
1314 1831 1315 1834 Ἴ

184 1852 266 1930 culpa
287 1864 402 1932 peccat,
424 1855 505 1913 uelut
523 1873 587 1912 cum
605 1851 656 1912 Vll
675 1855 715 1915 td.
736 1855 812 1915 Nou.
832 1855 915 1914 leodos
931 1851 1048 1926 omillit,
1069 1860 1100 1908 ut
1118 1851 1223 1908 leuiora
1242 1863 1289 1909 ta-

101 1943 109 1962 '
183 1957 274 2004 ceam.
313 1947 420 2006 Orellio
440 1968 570 2026 quoque,
596 1943 703 2027 priscae
722 1949 882 2009 eruditionis
903 1959 932 2006 et
957 1945 1090 2004 libertatis
1108 1945 1189 2019 uiro,
1217 1945 1289 2004 adeo

182 2057 240 2098 non
259 2051 413 2121 paruerunt
432 2061 536 2119 operae
560 2043 588 2100 in
613 2046 742 2113 extremis
767 2045 820 2102 illis
840 2043 931 2122 operis
957 2039 1151 2116 elegantissimi
1177 2039 1290 2113 tabulis,

183 2142 216 2191 ut
234 2145 315 2192 caute
334 2127 385 2192 illis
404 2137 537 2193 utendum
558 2153 619 2194 esse
639 2157 778 2212 censeam,
798 2154 844 2207 ne,
864 2135 941 2213 quod
959 2133 987 2191 in
1007 2131 1086 2190 fastis
1104 2129 1291 2188 Praenestinis

183 2225 249 2284 uiris
267 2222 407 2306 perductis
425 2229 479 2286 iam
500 2229 610 2305 accidit,
629 2246 738 2288 errores
755 2229 847 2287 fenori
865 2228 1046 2286 collocentur.
1074 2225 1104 2282 ln
1124 2223 1202 2282 lastis
1215 2223 1292 2280 titat-

183 2317 272 2378 feanis
289 2321 426 2399 'Fogginii
441 2324 593 2382 litterarum
619 2323 727 2382 formae
747 2330 776 2380 et
793 2339 924 2378 uersuum
944 2320 1099 2379 discrimina
1118 2317 1201 2374 modo
1221 2317 1293 2374 red-

106 2460 108 2465 ,
184 2409 297 2484 duntur,
316 2407 363 2472 uel
381 2415 553 2488 iudicantur,
573 2417 658 2475 modo
675 2415 869 2492 negliguntur:
899 2411 1035 2474 Marcellii
1060 2413 1222 2489 scripturae,
1241 2411 1294 2476 ubi
1314 2477 1315 2486 χ

183 2504 297 2562 lacunas
316 2507 403 2564 babet
420 2507 588 2584 Fogginius,
606 2511 771 2586 plerumque
790 2517 974 2586 annotantur,
1001 2504 1077 2584 quod
1097 2512 1187 2561 tamen
1206 2503 1295 2560 omis-

184 2615 245 2654 sum
259 2597 324 2658 Kal.
339 2599 424 2657 Mart.
442 2600 568 2678 Fogginii
588 2603 683 2659 uitium
703 2602 934 2679 typographicum
956 2598 1170 2668 manifestarium
1189 2596 1228 2652 ΧΙ
1241 2595 1294 2654 Kl’

183 2687 254 2749 Dec.
271 2690 329 2748 EG
346 2689 465 2754 fideliter
484 2695 639 2772 repetitur,
658 2713 711 2772 pro
728 2695 804 2762 ‚itlius
823 2701 853 2754 et
872 2693 980 2771 Pbigbii
1003 2693 1141 2770 scriptura
1159 2688 1222 2746 Xlll
1241 2689 1295 2747 ΚΡ

184 2773 252 2843 Mat.
281 2785 461 2844 Morcelliana
487 2788 619 2866 ponitur,
645 2787 701 2845 leui
726 2805 794 2846 sane
820 2788 985 2846 discrimine.
1031 2785 1136 2842 Verum
1161 2781 1224 2840 Vlll
1242 2782 1295 2840 Kl'

103 2874 107 2884 ’
186 2877 258 2954 Aug.
278 2878 356 2936 cuius
375 2881 543 2938 auctoritate
562 2881 641 2940 FVR
659 2881 813 2952 scribatur,
841 2900 897 2960 qua
922 2879 959 2938 de
986 2895 1068 2938 causa
1093 2875 1169 2956 quod
1195 2895 1315 2935 omnes,

186 2969 292 3031 habent
309 2971 434 3047 FVRR,
454 2973 563 3030 uncinis
582 2973 758 3050 includatur,
778 2993 823 3032 me
843 2974 921 3033 latet.
962 2973 1105 3031 Mittamns
1127 2971 1207 3044 baec,
1226 2989 1298 3047 per-

186 3081 284 3142 gamus
303 3063 340 3124 ad
359 3067 500 3144 grauiora,
520 3084 555 3124 ex
569 3066 669 3145 qulbus
685 3053 778 3145 Pighii
796 3085 935 3147 apparere
953 3067 1023 3125 fides
1043 3065 1139 3144 possit.
1168 3065 1299 3122 Primum

188 3165 217 3216 et
235 3161 386 3220 maximum
405 3171 467 3237 est,
494 3159 570 3238 quod
591 3161 707 3219 lacunae
726 3164 870 3220 marmoris
890 3168 1019 3220 accurate
1039 3157 1115 3235 apud
1134 3175 1198 3215 eum
1217 3157 1300 3214 indi-

187 3261 296 3315 cantur.
334 3253 395 3315 Eae
415 3265 548 3332 notantur
566 3257 649 3314 etiam
669 3256 746 3334 apud
765 3257 917 3313 Gruterum
938 3264 967 3310 et
980 3253 1144 3321 Graeuium,
1163 3251 1214 3308 sed
1234 3253 1299 3308 exi-

187 3361 244 3424 gua
262 3346 329 3408 fide.
374 3349 593 3409 commemorari
617 3345 749 3407 uidentur
773 3346 802 3404 in
828 3346 923 3404 codice
942 3346 1079 3404 Vaticano
1097 3345 1228 3420 Foggiuii
1254 3344 1302 3403 bis

98 3489 100 3492 .
188 3441 298 3499 uerbis:
324 3441 458 3504 nauata
480 3441 556 3503 ttatlt
580 3445 687 3502 amisso
711 3457 767 3501 aon
792 3439 909 3512 canaam
934 3459 968 3498 eu
995 3440 1141 3514 cusmipsit
1168 3436 1303 3510 Pprrbus

188 3535 248 3614 ipse
268 3551 304 3594 aar
314 3540 388 3618 ipsis
407 3535 518 3612 frustis,
538 3555 607 3614 quac
620 3536 735 3610 fumant
746 3552 828 3614 pones
842 3534 977 3610 quandum
988 3537 1194 3604 Istoronpmum.
1222 3533 1306 3588 &rut

189 3633 282 3686 mrem
306 3629 492 3708 tttoaprttts
515 3637 542 3690 et
568 3633 659 3701 Maii3
683 3629 805 3707 Auptrsli
824 3635 850 3688 ct
869 3625 1053 3704 Septembri&
1078 3623 1248 3684 Nouembris
1274 3631 1307 3682 at

190 3721 354 3798 Deoaobrla,
375 3743 445 3804 quae
457 3741 591 3803 apparere
603 3741 659 3782 nort
672 3739 753 3804 posse
766 3725 875 3798 plotino
892 3721 1086 3782 indtouubnas.
1113 3717 1186 3776 Alia
1201 3717 1308 3789 fruma

190 3817 247 3894 ipsi
263 3817 375 3878 tabulae
394 3825 502 3890 assuto,
522 3818 599 3878 nullo
618 3825 710 3876 tumen
730 3815 826 3875 ordino
844 3821 918 3874 matt.
957 3809 1042 3872 Haeo
1060 3814 1154 3870 mania
1173 3819 1201 3870 at
1220 3814 1310 3888 ipsus

191 3911 275 3971 mma
295 3911 426 3984 luamus,
452 3931 522 3990 quaa
539 3912 645 3992 aliquant
664 3911 731 3969 louis
751 3917 848 3987 munt,
867 3915 901 3966 ul
919 3909 1060 3986 potuitaus
1078 3914 1105 3965 ot
1122 3909 1229 3964 anitati
1249 3923 1309 3964 su-

191 4020 263 4078 atus,
282 4012 309 4066 el
325 4010 504 4069 restituimus
537 4007 581 4066 Ex
601 4007 642 4064 nis
662 4005 758 4083 paucis
777 4003 871 4060 uerbis
879 4002 974 4062 tuum
992 4000 1134 4059 bominum
1153 3975 1309 4070 Italorum,

192 4115 230 4156 ne
249 4100 310 4177 plus
329 4101 436 4176 dicam,
463 4102 563 4161 leuitas
583 4100 767 4177 cognoscitur.
808 4097 932 4155 Primum
957 4095 1032 4155 istud
1051 4094 1088 4153 de
1105 4093 1203 4152 frustis
1223 4092 1312 4172 apud

194 4191 411 4274 Hieronymum,
437 4196 460 4254 si
479 4197 616 4308 pertinet,
641 4193 681 4253 uti
699 4191 831 4268 uidetur,
860 4189 895 4249 ad
915 4191 1020 4269 primos
1039 4189 1155 4248 istorum
1175 4195 1315 4266 quatuor
