2636 4678
199 281 283 329 xvrrr
524 313 527 319 ,
622 281 666 326 nn
681 257 881 326 'servarene

198 421 468 492 nominatarum
487 438 517 488 et
534 431 661 509 proxime
678 447 782 490 annum
802 429 945 496 delinitum
963 429 1158 494 antecedentia
1175 433 1287 495 indicare

196 525 307 586 sufficit.
353 525 451 602 ltaque
473 523 574 582 scimus
602 543 638 584 ex
663 525 758 584 tabula
785 523 954 584 Amiternina
980 523 1065 584 diem.
1078 525 1118 584 iv
1141 526 1217 588 Non.
1244 529 1285 588 lul.

197 621 310 698 signari,
329 620 367 676 nti
387 616 463 675 uides
481 615 510 674 in
529 614 686 688 llsffeana,
705 617 775 693 NP,
795 617 868 696 prod
885 636 917 677 so
935 615 980 676 dia
997 635 1052 676 ara
1070 621 1155 678 Pacis
1172 620 1287 696 Aspia

97 784 103 802 Ι
201 715 296 790 timp.
316 717 407 770 Mart.
427 713 576 770 assunto
595 716 638 768 cst
655 713 766 771 Nausea
782 719 810 770 at
831 715 909 772 Foro
926 729 997 770 coss.
1036 700 1163 771 Fuerunt
1187 714 1206 770 ii
1225 733 1303 792 coss,

145 866 148 874 ,
196 825 271 864 anno
293 806 325 864 V.
345 806 380 864 C.
400 806 455 862 741
477 813 505 861 et
525 802 642 862 eandem
660 821 720 864 rem
739 821 774 862 eo
798 819 872 861 anno
891 813 1089 865 commemorat
1105 805 1161 864 Dio
1180 807 1229 883 54,
1247 806 1287 866 25.

195 901 238 958 lta
256 898 433 976 Augustalis,
454 914 526 976 quae
545 897 652 975 magnis
671 895 767 956 litteris
785 895 859 954 inter
876 899 996 976 reliquas
1015 897 1098 956 serias
1117 899 1200 958 indici
1216 899 1303 978 uideat

78 1039 81 1053 .
193 993 233 1050 lv
252 991 295 1052 ld.
316 990 391 1062 Oct,
410 990 458 1052 uix
476 989 559 1048 credo
578 991 731 1069 pemeripta
748 991 776 1047 in
794 989 901 1066 laetos,
921 999 1070 1070 antequam
1090 1009 1165 1051 anno
1183 996 1238 1052 tta
1254 1012 1285 1052 ex

193 1084 227 1145 S.
246 1085 283 1143 C.
301 1093 449 1162 agerentur
474 1094 545 1142 teste
563 1083 654 1142 Dione
672 1083 723 1157 at,
742 1083 789 1142 34.
829 1083 902 1142 Nam
929 1103 1002 1162 quae
1024 1084 1098 1144 idem
1124 1085 1191 1144 ibid.
1211 1091 1287 1144 c.10

193 1189 306 1253 namet,
332 1177 455 1256 coepisse
479 1177 525 1234 illa
552 1169 584 1234 ἐν
604 1179 673 1247 ταῖς
690 1170 881 1254 ἱερομηνίαις
899 1169 1109 1254 ἀριθμεῖσθαι
1133 1197 1207 1240 anno
1227 1173 1303 1254 iia}

192 1272 221 1331 id
240 1273 367 1350 priuatae
390 1269 590 1348 superstitionis
614 1270 701 1329 subse
725 1272 859 1350 suspicor.
878 1270 1013 1330 Noraellii
1031 1272 1060 1329 in
1083 1272 1136 1332 bae
1163 1292 1195 1332 re
1220 1275 1303 1344 miri·¹

191 1365 261 1424 licus
280 1375 322 1424 est
340 1383 428 1424 error.
467 1362 557 1424 Valde
576 1363 611 1423 ad
632 1383 691 1422 rs·
710 1363 842 1442 pertinet,
862 1363 937 1439 qnod
957 1363 1029 1422 diem
1049 1365 1086 1422 lll
1105 1365 1153 1424 Kl'
1174 1366 1257 1424 Febr.
1272 1384 1303 1444 a1

194 1460 231 1518 C.
252 1459 374 1518 Caesare
394 1477 451 1516 cos.
472 1456 509 1513 lll
527 1459 614 1517 mensi
634 1456 772 1517 adiectum
792 1464 823 1514 et
839 1455 941 1516 fastum
960 1465 1086 1516 notatum
1105 1476 1167 1518 esse
1183 1461 1287 1534 scimus,

191 1551 279 1612 illacr.
299 1553 360 1612 Sat.
381 1559 411 1628 l,
431 1551 477 1609 14.
516 1550 554 1608 At
580 1568 650 1610 uero
678 1551 706 1608 in
732 1549 810 1611 fastis
829 1549 976 1608 Maffeanit
1002 1559 1031 1609 et
1047 1549 1236 1611 Praenestinis
1259 1569 1303 1610 ea

191 1654 259 1705 nota
276 1655 384 1704 mutata
404 1655 463 1716 est,
481 1646 597 1722 eiusqoe
615 1639 655 1703 rei
674 1662 759 1702 causa
777 1662 839 1700 cum
858 1642 934 1723 apud
953 1643 1103 1720 Ouidium,
1123 1654 1184 1704 tum
1203 1647 1288 1725 expli-

191 1740 278 1798 catius
296 1739 323 1796 in
343 1739 438 1796 tabula
456 1736 637 1796 Praenestina
655 1737 798 1817 profertur
816 1755 866 1795 ara
884 1737 964 1795 Pacis
984 1738 1056 1814 Aug.
1070 1738 1163 1796 Druso
1182 1749 1213 1796 et
1233 1739 1287 1798 Cri·

190 1833 271 1910 spino
289 1851 372 1902 cosa,
398 1830 451 1889 lroc
469 1840 514 1891 est
530 1849 606 1912 anno
623 1832 691 1890 745.
729 1832 788 1890 lam
807 1832 969 1890 deuenimns
988 1830 1025 1888 ad
1044 1849 1096 1905 ea,
1109 1849 1196 1907 *quae
1216 1817 1303 1890 annbl

190 1924 259 2000 745,
278 1927 337 1983 746
353 1934 383 1982 et
400 1923 519 2008 famame
544 1927 629 2004 paulo
655 1933 721 1984 ante
744 1935 845 2004 postue
872 1927 962 2003 ipsum
983 1926 1135 2001 Augustum
1160 1925 1188 1981 in
1215 1924 1303 2000 lastis¹

188 2019 309 2079 measse
320 2018 578 2078 demonstrauimus.
608 2019 755 2078 Neminem
771 2001 1012 2101 equidemnlugere
1024 2024 1117 2096 potest
1129 2035 1174 2092 ea,
1192 2028 1289 2095 quate-

189 2132 242 2173 nus
260 2113 288 2171 in
308 2113 402 2172 tabula
420 2130 558 2190 apparere
570 2121 699 2192 possunt,
717 2113 746 2170 in
760 2121 855 2171 noema
873 2111 1077 2188 repraesentari
1095 2112 1203 2171 omnia:
1224 2109 1303 2173 tund*

189 2207 226 2266 de
247 2207 457 2266 intercalatione
480 2215 558 2266 certe
582 2225 638 2267 non
664 2207 764 2285 potuit.
810 2205 934 2265 Ostanes
952 2203 1096 2264 Kalendas
1122 2223 1179 2264 una
1194 2217 1290 2280 serre,

188 2317 263 2378 qnae
280 2309 426 2377 superest,
446 2301 519 2359 linea
537 2299 710 2360 demonstrat
727 2301 883 2381 appellatas
903 2319 958 2360 non
977 2298 1110 2372 Sextiles,
1127 2298 1178 2358 sed
1195 2301 1303 2396 Augu-p

188 2403 260 2452 stas:
280 2391 337 2452 ludi
355 2395 490 2452 circenses
509 2394 550 2451 tx
566 2394 615 2453 ΚΡ
636 2393 702 2454 Oct.
722 2394 768 2454 die
787 2395 903 2472 Augusti
922 2387 1007 2452 natali
1025 2384 1210 2451 annotanturc
1230 2389 1303 2464 diest

188 2486 295 2546 senatui
311 2485 440 2546 babendo
459 2485 602 2546 chndos
621 2506 717 2547 omnes
744 2497 774 2550 et
798 2488 863 2548 ldns
889 2496 966 2548 recte
989 2488 1150 2546 coniectura
1172 2475 1303 2544 &santii

187 2595 282 2639 sumus
300 2577 386 2637 tusae
404 2580 545 2658 insignitos
563 2580 593 2638 N
612 2581 658 2639 uel
677 2581 740 2654 NP,
759 2583 800 2640 ita
817 2583 889 2641 enim
910 2578 1170 2659 deprehendunturr
1190 2579 1292 2638 Satur·

187 2669 262 2729 salia
280 2682 310 2729 et
328 2668 430 2750 Opalia
453 2676 494 2732 ita
510 2675 597 2752 plane
620 2673 752 2752 disposita
770 2685 853 2748 sunt,
883 2675 922 2732 uti
940 2673 1097 2734 Macrobius
1122 2672 1185 2730 loco
1205 2691 1293 2750 supra

186 2762 308 2824 indicato
333 2765 435 2826 tradite
459 2775 599 2846 posmemo
620 2767 644 2826 si
669 2769 824 2842 memberis
849 2766 929 2826 ludos
955 2765 1117 2828 honorarius
1143 2765 1231 2824 fnisse
1257 2783 1303 2822 ex.

186 2859 344 2918 mnisctura
363 2869 458 2919 nostra
476 2859 678 2939 Quinquatrus,
693 2861 859 2939 Megalesia,
879 2861 1011 2933 Cerialia,
1031 2858 1161 2928 Floralia,
1185 2859 1293 2936 Apolli·

186 2971 284 3032 maes,
302 2953 462 3031 Romanoa,
481 2954 620 3032 Plebeiae,
640 2955 705 3014 uide
723 2957 790 3031 iam,
811 2963 880 3034 quot
899 2953 959 3014 dies
977 2953 1006 3012 in
1024 2952 1137 3028 singulis
1156 2950 1199 3009 lris
1218 2950 1303 3010 lodis.

186 3049 270 3108 rebus
288 3047 402 3126 agendis
420 3049 496 3127 apti,
524 3047 578 3107 lroc
602 3058 644 3108 est
662 3050 759 3108 limeris
778 3050 803 3107 F
823 3050 869 3108 uel
890 3048 915 3110 C
934 3049 1023 3108 notati
1041 3047 1113 3104 sintc
1138 3045 1295 3122 Quinqua-

186 3141 273 3199 tn'bus
292 3141 360 3217 dno,
379 3143 444 3202 Xlll
459 3152 488 3202 et
502 3142 554 3200 Xll
571 3142 620 3202 Kl'
638 3145 723 3221 Apr.;
743 3161 838 3203 mense
857 3143 943 3220 Aprili
963 3140 1211 3218 Megalesiasorum
1232 3140 1303 3216 pri-3

185 3253 246 3293 mus
265 3243 295 3293 et
318 3235 438 3296 fortasse
461 3237 615 3312 secundus,
639 3237 787 3296 Cerialium
807 3235 918 3309 nullus,
945 3234 1097 3292 Floralium
1117 3232 1192 3306 duo,
1221 3233 1303 3291 lulio¹

184 3345 282 3386 mense
305 3327 377 3394 inter
405 3318 485 3388 indos
512 3329 686 3408 Apollinares
712 3339 788 3404 tres3
816 3327 887 3390 ludis
912 3329 1047 3390 Romanis
1072 3324 1238 3394 duodecim,
1269 3327 1293 3383 si

185 3425 326 3498 Fauonua
340 3419 533 3482 Ptololioseus
551 3425 677 3499 omittas3
694 3439 790 3484 mense
805 3420 959 3486 Nouembri
978 3421 1026 3480 ubi
1044 3419 1103 3488 lardi
1120 3436 1296 3496 quocunque

183 3514 268 3573 modo
281 3515 465 3590 asmibuntnr,
484 3513 599 3592 decem3
618 3516 704 3587 babes
719 3517 842 3592 triginta,
858 3514 905 3574 uel
921 3516 1033 3592 πίςίιηε
1047 3531 1147 3582 ,ιιηιιηι
1180 3510 1298 3570 Verum

182 3608 284 3668 lacuna
302 3608 444 3667 marmoris
463 3608 637 3666 occultantur
663 3609 723 3666 dies
741 3609 894 3669 Floralium
914 3607 1013 3685 reliqui
1032 3609 1089 3665 t'res
1109 3616 1138 3664 et
1156 3603 1297 3665 ludorum

183 3702 370 3775 Plebsiornm,
389 3699 526 3776 siquidem
543 3701 674 3761 credibile
692 3711 735 3762 est
753 3719 802 3762 eos
820 3701 987 3782 incoepisse,
1005 3699 1045 3765 ati
1063 3699 1240 3778 Apollinares
1262 3710 1303 3784 et

183 3795 340 3866 Romanos,
360 3811 378 3851 a
395 3791 467 3871 prid.
486 3793 574 3869 Nom,
601 3794 682 3871 primi
707 3796 775 3856 duo.
812 3795 918 3856 Eorum
944 3791 1051 3852 dimum
1076 3802 1196 3871 quatuor
1220 3789 1303 3854 licet

182 3884 270 3944 fastos
289 3887 335 3945 nel
353 3886 502 3944 comitiales
518 3887 683 3962 existimare,
704 3890 744 3948 nti
758 3889 876 3968 posthac
890 3886 1043 3964 intelligens
1062 3888 1110 3966 qui
1128 3884 1219 3946 sudu
1236 3905 1295 3945 su-

79 4009 90 4018 ·
182 3979 497 4058 perietibusnnmerum
515 3981 664 4044 conficiunt
689 3983 802 4060 triginta
826 3981 1014 4061 quiuquauel
1034 3988 1171 4059 quatuor,
1199 3995 1297 4056 quem

181 4072 347 4132 Suetonium
365 4071 508 4144 indicasse,
526 4073 647 4153 emplius
660 4077 775 4152 triptota
789 4095 852 4134 cnm
869 4074 945 4146 dixit,
965 4073 1058 4134 credo.
1083 4073 1208 4144 Quartus
1224 4070 1303 4134 dies¹

181 4165 344 4240 Floralium,
363 4185 436 4244 quae
453 4174 519 4226 sunt
531 4167 678 4228 Kalendae
684 4169 811 4248 Apriles,
829 4185 942 4227 naneae
957 4177 999 4228 est
1012 4167 1064 4226 NP
1075 4165 1200 4242 signatus
1218 4163 1303 4246 iratr-¹
