2636 4678
151 307 152 314 ’
381 330 465 376 raro
487 333 531 378 nr
551 333 679 383 serare
1015 337 1086 384 xvu
1183 339 1184 346 ¹

50 479 125 555 abdce,
140 479 206 558 quae
216 476 290 560 'apud
310 481 476 562 Fogginium
495 501 525 562 p.
540 485 580 542 99
596 484 715 560 legitur,
738 501 773 544 ea
791 483 815 542 si
834 482 900 562 quid
920 483 979 543 ueri
997 485 1086 546 conti-

50 583 86 644 na,
102 573 122 629 id
143 573 257 651 magnam
276 575 383 652 partem
403 577 531 654 Fogginii
550 577 656 635 incuria
681 574 851 634 intercidisse
868 585 968 654 postea
986 577 1084 638 disces.

49 663 259 740 liinnoauotores,
279 688 350 746 quos
369 671 504 743 nouerIm,
525 669 622 744 Aldus,
642 670 792 743 Gruterus,
812 670 964 744 Graeuius,
982 665 1086 750 Foggi·
1167 740 1171 748 ‚

51 757 137 816 nmnn
152 761 282 837 insigniter
300 763 373 820 inter
391 781 423 840 se
443 762 618 842 discrepent,
646 781 708 821 oum
733 761 834 820 deinde
853 763 900 840 qui
919 761 979 821 ilios
998 765 1087 824 secuti

53 944 116 1012 nnat,
130 947 176 1003 suis
193 953 326 1024 auxerint,
346 949 383 1008 ad
403 967 466 1008 eam
488 969 559 1024 rem,
578 962 662 1028 quam
682 951 807 1026 agimus,
825 949 891 1007 satis
912 948 1014 1006 idoneo
1034 949 1086 1008 ad·

50 1033 119 1094 inesto
134 1041 313 1117 caruissemus,
334 1041 489 1120 nisiPighii
508 1042 565 1101 fide
583 1043 746 1122 interposita
764 1042 884 1100 licuisset
901 1041 970 1100 aiios
989 1061 1087 1102 omnes

49 1124 227 1204 superhabere.
265 1135 344 1210 Neo,
366 1144 397 1193 ut
416 1138 537 1214 opinor,
558 1155 655 1196 eorum
675 1137 843 1194 mentionem
865 1135 1011 1212 fecissem,
1034 1135 1087 1194 nisi

49 1233 110 1296 nent,
124 1226 164 1300 qui
180 1227 214 1284 de
232 1209 320 1304 Piguit
340 1228 386 1286 uel
405 1231 600 1302 accuratione,
621 1229 666 1286 uel
685 1228 807 1288 candore
825 1229 899 1286 male
918 1229 1083 1289 iudicarent.

49 1310 93 1377 nn
112 1311 225 1394 quoniam
249 1321 356 1379 iactum
384 1331 428 1381 est
452 1321 643 1380 aNiebuhrio
663 1333 692 1380 et
710 1321 835 1396 Orellio,
862 1321 1007 1381 ostendam
1032 1321 1086 1382 uae
1165 1379 1168 1390 ,

50 1500 207 1580 rennerunt,
227 1508 381 1583 admisisse,
399 1509 475 1566 iliam
493 1508 530 1564 ab
550 1508 611 1584 ipso
630 1508 728 1586 Pighio
750 1511 873 1587 coargui,
892 1513 928 1568 ab
948 1510 1003 1570 liae
1021 1529 1087 1572 eum

50 1583 110 1651 dnn
126 1598 213 1660 uideri.
252 1601 358 1660 Verum
385 1601 438 1659 hoc
456 1601 541 1680 paulo
561 1605 643 1678 pos't,
670 1621 732 1659 oum
759 1603 794 1661 ad
819 1605 931 1682 singula
953 1605 1085 1664 accedam

52 1683 156 1764 tinem,
179 1696 275 1772 quanti
301 1697 426 1770 intersit,
454 1713 490 1752 ne
516 1693 562 1752 uel
586 1697 614 1752 in
640 1696 757 1754 minimis
785 1699 868 1756 rebus
895 1698 940 1756 lno
965 1687 1085 1761 erretur.

50 1768 162 1858 iniquas
179 1807 239 1846 eam
260 1791 384 1847 tabulam
403 1807 478 1848 nunc
501 1791 621 1866 primum
640 1786 738 1864 edam,
765 1788 865 1848 inciam
884 1792 959 1862 quod
980 1792 1085 1854 iactum

53 859 96 923 snt,
112 853 248 913 Morceiiius
273 866 301 914 et
320 856 458 930 Orellius,
483 857 592 914 illorum
619 873 727 914 errores
752 855 941 930 reddiderint,
960 858 1086 916 commis·
1137 891 1138 900 κ
1166 899 1170 916 .

49 1406 110 1478 tadu
126 1412 148 1468 in
165 1431 193 1472 re
211 1413 339 1472 fraudem
359 1414 516 1484 nonnullos,
537 1415 648 1492 culpam
667 1433 771 1486 omnes,
792 1417 839 1492 qui
851 1415 944 1489 ¹fastos
962 1414 1087 1476 Maffea-
1172 1463 1188 1490 q

49 1871 115 1932 unm
130 1890 177 1955 est,
195 1893 227 1941 ut
246 1883 284 1942 de
303 1885 361 1942 eius
382 1891 475 1942 aetate
493 1881 568 1959 quod
587 1883 642 1938 iam
662 1883 712 1940 tuli
730 1881 878 1958 iudicium,
899 1893 980 1944 tuear
998 1905 1086 1964 argu·
1208 1949 1210 1956 ,

44 1951 103 2026 itud.
132 1973 322 2036 iudicauerunt
346 1977 383 2037 de
402 1995 436 2036 ea
454 1994 523 2034 sanc
542 1975 673 2052 quidam,
699 1976 748 2034 sed
769 1977 815 2034 uix
834 1996 905 2055 opus
924 1989 967 2036 est
986 1994 1020 2037 ea
1038 1997 1084 2040 re-

44 2067 102 2160 ditu·
132 2065 210 2131 Velut
230 2073 398 2132 Vaassenius
424 2070 508 2129 ualde
532 2071 720 2128 inconstanter
741 2071 824 2130 modo
850 2057 1023 2132 ordinatione
1041 2072 1087 2132 sa·

45 2155 101 2212 tana
113 2159 217 2238 Augusti
246 2167 415 2224 uetustiores
440 2165 506 2223 dicit
530 2184 559 2243 p.
578 2167 653 2238 290,
683 2164 766 2224 modo
786 2164 889 2225 Ouidio
917 2167 1086 2226 recentiores

54 2248 103 2307 an.
122 2253 266 2334 Fogginius
286 2278 316 2338 p.
329 2264 386 2318 100
415 2259 525 2318 Tiberii
541 2259 626 2317 aetati
646 2259 778 2334 assignat,
799 2259 856 2332 uel,
874 2260 897 2316 si
915 2259 1086 2336 antiquiores

44 2253 71 2428 di
83 2341 263 2411 (Praenestinis
286 2363 361 2412 certe
380 2354 549 2430 antiquiores
568 2351 647 2429 ponit
666 2368 695 2426 p.
708 2353 803 2426 119),
829 2353 967 2431 imculpta
978 2341 1086 2433 'postes

137 2444 171 2502 de
190 2446 325 2504 Tiberio:
344 2446 465 2505 fortasse
483 2447 552 2523 legit
570 2443 673 2522 aliquid
694 2445 826 2505 eiusmodi
844 2448 872 2504 in
893 2448 987 2507 codice
1005 2449 1086 2508 uati·

80 2534 138 2604 ,sed
156 2555 189 2596 ea
207 2539 254 2598 edi
274 2539 415 2598 debebant
433 2539 469 2598 ab
489 2557 535 2613 eo,
555 2555 612 2594 nou
631 2538 781 2616 supprimis
810 2559 862 2617 ego
882 2551 958 2599 certe
976 2543 1084 2620 ignoro.

46 2615 96 2680 inor
113 2629 154 2687 ille
176 2633 205 2690 in
234 2633 330 2692 codice
349 2634 486 2692 Vaticano
511 2633 549 2692 ita
568 2633 692 2710 scripsitc
717 2634 879 2694 Matonem
896 2635 997 2694 unane
1015 2655 1086 2714 qnae
1155 2635 1157 2642 ’

44 2715 96 2794 tion
109 2732 167 2782 nont
184 2730 346 2803 antiquiora
369 2728 513 2788 nidantdm
539 2731 659 2786 nmmo
682 2731 753 2786 enirn
778 2728 948 2788 characteres
966 2733 1109 2790 arsenioti-¹

44 2795 191 2892 tiata..
208 2822 309 2882 naun.
349 2823 406 2882 sn
430 2840 468 2880 aa
492 2829 610 2898 onmes
628 2824 769 2900 antenna
788 2831 920 2904 mannan
937 2827 1017 2901 apen
1035 2825 1117 2901 ιει-ι
1167 2871 1174 2882 .

44 2889 109 2990 dms
123 2913 229 2986 sanine
249 2915 392 2994 indicum,
420 2920 546 2994 ooqnosoi
563 2923 653 2993 potest
677 2916 723 2974 nei
745 2919 810 2996 ipro
827 2919 964 2976 Antonini
984 2926 1082 2988 adnm,

67 3007 127 3076 usto
144 3017 221 3086 post,
248 3029 298 3069 neo
320 3012 424 3084 mutto,
450 3013 500 3072 icoo
519 3028 643 3070 mannos·
662 3010 751 3084 fonsa
774 3016 917 3088 snipnnn.
954 3011 1017 3069 Hoc
1035 3022 1086 3071 ant

68 3101 226 3182 mendacium,
248 3105 293 3162 uel
313 3099 520 3184 δοκησισοφία
539 3107 619 3180 Itala,
639 3114 751 3162 autres
771 3105 903 3181 permira,
921 3103 1008 3162 fastos
1026 3107 1095 3164 atu-⁴

44 3191 130 3256 tinne
147 3200 203 3262 ulio
233 3201 423 3261 additamento
449 3201 584 3279 repetitos
611 3217 672 3258 esse
696 3197 927 3275 quandocunque.
967 3199 1030 3276 Ego
1049 3217 1085 3259 ex

44 3265 133 3349 hasam
150 3295 289 3366 ductibus,
307 3296 330 3354 si
348 3313 470 3352 marmor
490 3294 633 3367 uiderem,
652 3293 772 3351 sortasse
790 3290 913 3349 iudicare
932 3292 998 3351 nihii
1016 3313 1084 3372 pos·

44 3387 70 3448 ‘is
84 3382 126 3442 hoc
141 3399 236 3450 tamen
255 3382 385 3468 praesto,
404 3389 432 3446 in
451 3389 493 3458 iis,
513 3405 586 3466 quae
605 3388 701 3445 litteris
721 3384 919 3462 significantur,
936 3385 1004 3444 nihil
1023 3404 1085 3446 esse

44 3479 74 3526 ²²⁰
88 3475 115 3535 V·
130 3483 159 3544 C.
179 3487 240 3542 757
260 3483 414 3561 antiquius,
442 3482 509 3540 nihil
534 3489 628 3539 nutem
655 3499 728 3538 anno
748 3479 805 3538 759
831 3480 987 3556 recentius,
1016 3479 1083 3539 nihii

44 3577 80 3636 itis
92 3576 142 3648 quin
160 3578 198 3636 ad
219 3576 353 3636 Ouidium
371 3577 411 3634 ita
429 3575 589 3653 pertineat,
611 3585 642 3634 ut
660 3593 722 3632 eam
741 3576 828 3652 ipsam
849 3575 973 3632 tabulam
992 3575 1028 3632 ab
1047 3593 1083 3634 eo

44 3663 133 3729 ¹P⁰diam
151 3681 179 3730 et
197 3691 233 3730 ex
252 3658 293 3730 ea
305 3672 366 3749 ipsa
385 3670 482 3729 tabula
496 3685 560 3726 eum
579 3668 787 3744 intelligendum
803 3667 978 3726 contendam.
1008 3667 1082 3726 Eum

44 3748 111 3815 'dieb
127 3782 200 3824 anno
218 3763 280 3824 fere
298 3766 335 3823 V.
355 3765 390 3824 C.
411 3763 468 3822 755
489 3763 601 3820 carmini
620 3761 788 3821 iulabornsse
812 3763 836 3820 si
853 3761 919 3819 mihi
937 3751 1083 3841 tantisper,

78 3848 105 3910 dc
123 3873 155 3915 ea
166 3875 206 3917 re
225 3858 368 3934 disseram,
389 3856 505 3916 credere
520 3875 577 3915 non
592 3859 645 3931 uis,
665 3857 760 3914 credes
774 3855 844 3929 aliis,
865 3855 912 3932 qui
930 3853 1003 3914 idem
1017 3873 1083 3914 cen·

90 3955 106 4006 t·
137 3949 212 4012 Cum
230 3954 331 4030 negaui
348 3952 377 4011 in
397 3951 494 4009 tabule
512 3951 661 4028 quicquam
680 3966 744 4008 esso
761 3966 835 4007 anno
854 3948 913 4005 757
931 3949 1082 4027 antiquius,

72 4037 77 4050 '
132 4045 210 4122 quod
228 4055 296 4105 ante
313 4063 377 4104 euna
396 4061 500 4103 annum
519 4053 596 4102 certa
614 4041 671 4102 fide
688 4043 766 4100 fastis
785 4051 944 4118 exemptum
963 4049 1080 4100 constet.

79 4153 144 4212 quae
162 4138 239 4198 illata
258 4149 323 4198 sunt
340 4139 418 4199 fastis
438 4145 503 4196 ante
521 4137 551 4196 id
569 4133 700 4214 tempus,
718 4133 795 4213 quod
813 4143 910 4192 emant
927 4135 956 4192 in
974 4133 1081 4208 tabula,

65 4237 116 4286 ntor
139 4244 304 4310 argumento
330 4232 366 4291 ad
391 4231 557 4292 sententiam
582 4249 673 4302 meam
698 4227 898 4309 probandam.
920 4229 965 4286 Es
982 4226 1081 4305 quibus

52 4327 147 4396 hierii.
162 4343 254 4408 Proisg.
445 4381 447 4388 ,
789 4402 792 4407 s
816 4320 842 4377 Β
896 4411 900 4420 .
