2688 4680
464 357 469 362 ,
502 303 654 352 snnncrrs
769 253 779 272 ’
998 305 1143 374 ccxxxv

74 455 174 534 astigis.
211 453 322 516 8333311
346 455 423 536 apud
448 451 582 516 Ouidium
602 455 702 536 Apollo
721 456 815 515 Actius
835 454 995 534 Palatinos,
1021 455 1059 521 ‹le
1082 477 1140 540 quo

75 551 210 628 scriptorum
228 548 302 612 looos
321 567 417 609 omnes
437 550 549 628 collegit
564 551 728 610 Clausenius
746 571 777 630 p.
789 555 863 610 1102
883 557 1047 628 33339210.
1079 555 1141 613 llo·

76 645 107 702 ius
121 644 230 721 inprimis
251 643 358 720 insigne
376 642 430 701 fail
448 641 598 702 litteratum
618 643 756 704 officinm:
780 643 949 704 bibliotheca
965 643 1092 707 Palatina
1111 658 1142 708 et

77 739 198 796 numina
215 736 317 795 musica
336 745 587 820 commemorantur
605 756 623 796 a
641 737 733 796 Dione
745 737 841 797 Cassio
859 738 909 812 bl,
922 743 956 814 l;
974 739 1067 816 53,1,
1087 741 1160 810 aad,
1254 799 1256 810 ,

75 841 259 890 nomentanaom
278 839 321 890 ost
339 831 376 889 ab
395 829 534 906 1333333,
553 841 653 908 utpote
672 849 690 888 a
709 829 826 890 Graecis
842 832 907 910 ipsis
926 843 1078 912 assumpto,
1097 835 1141 892 ni·

74 922 103 980 lil
118 937 221 1002 passae
238 923 442 1002 superstitionis
458 923 578 982 alienum
595 924 697 984 fuisses
723 924 833 983 babitus
856 934 898 984 ast
922 936 1069 1004 praeterea
1087 947 1141 1006 pso

73 1018 133 1093 grnio
148 1019 220 1097 quasi
239 1017 346 1094 imperii
365 1025 395 1076 et
414 1016 477 1075 anui
496 1017 668 1092 Augustalis,
687 1017 739 1077 alr.
759 1017 849 1079 Orall.
870 1013 953 1078 inser.
974 1021 1090 1080 31435
1111 1030 1142 1080 et'

74 1110 121 1168 nilo
134 1130 209 1189 supra
227 1130 258 1190 p.
278 1125 425 1180 auxum,
453 1109 499 1168 ubi
524 1126 581 1167 nou
606 1111 785 1170 memineram
809 1112 975 1173 Concordiae
992 1113 1142 1192 Apolliuso

72 1201 134 1262 baua
149 1205 288 1264 redimitae
299 1207 329 1279 8,
343 1207 393 1279 91,
412 1221 496 1282 quam
516 1217 608 1279 nequo
627 1220 678 1280 pro
698 1205 860 1281 Tiberiana,
881 1224 972 1284 neque
990 1223 1042 1284 pro
1060 1206 1141 1266 Liuia

73 1294 133 1356 laoila
148 1297 304 1369 habuerim,
332 1297 382 1357 sad
405 1314 477 1376 opus
496 1294 612 1370 Augusti
636 1295 689 1354 diei
709 1297 848 1370 existimo,
874 1308 907 1358 ut
929 1300 958 1356 in
977 1309 1089 1357 metam.
1109 1303 1141 1374 3,

70 1389 127 1448 llis
147 1393 302 1452 innomitos
326 1407 396 1470 opus
418 1388 487 1448 bono
504 1390 624 1447 uiolatio
641 1396 767 1450 sonuum
784 1398 842 1463 ost,
869 1393 916 1450 ael
933 1390 998 1449 fast.
1019 1396 1048 1466 1,
1068 1393 1140 1467 288:

71 1483 227 1555 133333,
245 1491 372 1562 promto,
391 1483 506 1544 dossrol'
519 1489 618 1541 ounlor
636 1501 721 1560 opos,
740 1483 770 1544 ln.
790 1504 817 1544 e.
835 1504 943 1564 paoem.
981 1483 1026 1542 De
1048 1481 1142 1544 clauo
1205 1547 1207 1554 ,

70 1573 107 1634 tlon
122 1576 183 1636 inira
201 1576 341 1657 quaedam
360 1577 577 1636 annotabunlur.
617 1574 767 1635 Praeterea
786 1576 861 1655 apud
881 1576 1014 1636 Ouidium
1030 1575 1141 1650 1,291,

69 1673 90 1740 3,
100 1673 146 1728 826
162 1673 283 1732 modicus
301 1671 416 1749 Apollo,
438 1677 467 1744 1,
480 1671 541 1750 474
565 1669 629 1729 ooll.
649 1675 679 1743 6,
692 1669 765 1745 338,
784 1670 899 1746 n‚245;
919 1671 1048 1748 2b9sq.;
1067 1672 1142 1745 711,

68 1765 159 1842 3836,
172 1769 201 1841 4,
215 1769 274 1824 263
288 1762 439 1836 3113133133,
457 1767 488 1837 3,
506 1765 577 1838 139,
592 1765 705 1840 6,111,
721 1766 797 1840 419,
813 1767 872 1823 707
885 1763 1043 1822 notissimae
1061 1779 1142 1840 gran·
1175 1761 1182 1822 J

67 1871 105 1915 tos
118 1857 157 1917 aa
172 1859 288 1918 fabulae
305 1857 473 1922 indicantur.

125 1950 206 2012 lisoio
223 1951 263 2010 ad
282 1949 451 2022 Martem,
474 1951 502 2009 in
522 1969 578 2029 quo
597 1949 652 2010 ‹loo
670 1947 747 2029 quod
766 1959 896 2008 accurata
914 1949 1078 2028 quaestione
1096 1948 1142 2008 ‹li-

67 2043 197 2117 gnlssimunn
222 2055 254 2106 st
280 2043 439 2104 inchoatum
459 2053 503 2104 est
526 2046 562 2103 ab
582 2045 729 2121 Hartongo
747 2048 779 2120 2,
797 2063 827 2122 p.
838 2047 895 2102 169
913 2054 943 2103 st
962 2043 1142 2114 Ambrosolnio
1209 2087 1210 2094 a

66 2139 153 2214 lulli,
169 2138 205 2200 de
223 2138 335 2217 agrario
354 2137 413 2196 eins
425 2137 529 2213 officio,
548 2136 576 2195 id
591 2136 628 2195 ad
641 2135 773 2196 Ouidium
792 2155 847 2194 non
866 2137 995 2215 partinet,
1014 2136 1061 2214 qui
1081 2135 1143 2196 ubi·

65 2244 108 2304 qur
122 2227 240 2290 33Ηί3333
262 2230 356 2301 doum,
376 2235 510 2307 3,13(,.,
527 2229 646 2303 3,330,
664 2230 733 2303 398,
752 2229 836 2303 alibi,
855 2237 884 2288 et
902 2229 1014 2289 Romuli
1032 2229 1143 2307 potism-

65 2336 122 2380 mun
133 2335 276 2402 parentam
288 2329 318 2399 2,
330 2328 402 2399 483,
410 2327 439 2393 3,
452 2326 537 2397 3310
550 2321 626 2396 olibi,
645 2321 840 2396 consiliarium,
859 2325 967 2398 3,197,
982 2315 1059 2381 urbia
1074 2339 1142 2382 oon·

64 2427 207 2477 seruatorsm
225 2421 259 2493 8,
270 2420 328 2475 348
345 2409 423 2474 facit.
462 2413 561 2493 ltaque
579 2409 678 2474 endam
697 2413 781 2474 modo
800 2415 921 2475 Martem
939 2415 1081 2487 Vltorem,
1104 2415 1142 2477 ds

64 2524 107 2585 qno
123 2511 180 2570 uide
198 2528 288 2591 sopra
306 2530 336 2589 p.
351 2525 498 2582 cxxxnr,
518 2507 677 2576 informabit
696 2518 726 2568 et
743 2508 816 2566 iuter
834 2509 890 2574 alia
912 2509 1141 2590 (1333333333-
1222 2545 1224 2552 ·

63 2601 194 2681 pallauitb,
204 2607 277 2681 noo,
296 2605 373 2662 cuius
386 2602 578 2682 appellationis
597 2591 669 2672 lotar
680 2621 779 2662 causas
793 2601 869 2680 apud
883 2603 1011 2662 Seruium
1025 2605 1061 2663 ad
1069 2607 1141 2664 Aen.
1156 2667 1159 2676 ¹

63 2697 86 2769 3,
96 2697 142 2772 35,
160 2705 189 2775 1,
198 2703 259 2758 292
279 2696 363 2757 uulda
375 2714 421 2756 me
435 2695 585 2755 aduertont
597 2694 668 2755 bae‘o
680 2696 782 2787 narbas
800 2699 888 2755 Mors
904 2699 976 2757 suisa
995 2717 1056 2758 ausu
1074 2715 1142 2758 soa-

61 2790 100 2858 tll,
112 2792 251 2852 ursorum
266 2791 378 2866 3131133,
397 2807 459 2850 oum
473 2789 640 2868 tranquillus
655 2794 707 2863 oss,
730 2790 878 2861 Quirinus:
898 2789 1012 2869 doninus
1023 2795 1053 2852 lu
1068 2791 1142 2852 Volo

62 2879 104 2941 tlno
118 2889 172 2944 olus
188 2884 296 2964 lourplo
314 2891 389 2954 sunt,
407 2901 493 2942 uorsus
509 2885 619 2959 Quirini
632 2885 710 2942 invto
722 2880 824 2953 ortem,
844 2888 926 2961 quoni
944 2884 1074 2955 urnula,
1093 2885 1142 2944 sss
1178 2929 1183 2940 .
1311 2873 1312 2920 ἕ

60 2979 193 3056 inopius,
212 2978 294 3040 oliuo
312 2982 343 3038 iu
354 2979 450 3056 Appio
467 2983 517 3037 oio
535 2973 727 3038 3313333133
743 2981 828 3054 propo
845 2985 967 3054 porloun,
986 2980 1067 3055 quoni
1085 2976 1143 3035 bal-

61 3065 154 3142 lours,
175 3074 207 3133 ll
225 3081 270 3134 ssi
291 3072 420 3134 Gradiui·
459 3072 571 3137 Scilioet
590 3069 664 3128 unda
687 3068 756 3127 haee
780 3072 852 3130 sumi
871 3070 1027 3150 potuerint,
1052 3071 1141 3130 nisis

60 3160 177 3240 Varrone,
195 3187 256 3228 non
275 3175 390 3245 exputn.
431 3165 516 3224 Carta
535 3162 669 3242 templum
683 3163 781 3222 Martis
794 3164 897 3223 Vltoris
917 3180 1009 3240 nequa
1022 3163 1141 3238 Quirini,

60 3271 136 3336 nequa
156 3261 301 3340 tranquilli
318 3257 388 3335 init,
413 3268 443 3318 st
464 3265 578 3337 prostes·
604 3256 658 3314 hoo
682 3256 710 3313 in
734 3257 802 3314 orbe
828 3257 914 3316 ullum
941 3256 1014 3314 aliud
1040 3245 1168 3335 nequas

58 3363 174 3428 qnantum
190 3354 322 3424 memini„
335 3362 444 3411 constat
462 3352 556 3422 fuisse,
576 3366 669 3428 nequa
687 3350 748 3426 ipse
762 3347 876 3408 Seruius
894 3350 1010 3428 intelligi
1028 3353 1142 3430 patitur.

59 3441 160 3506 Videtur
178 3465 249 3526 ergo
269 3447 360 3506 Varro
373 3447 522 3515 Quirinum
541 3463 594 3524 pro
607 3443 699 3502 Mans
718 3442 858 3518 habuisse,
878 3439 992 3522 eiusque
1009 3446 1143 3524 suspirio·

58 3538 160 3600 abdon
179 3543 208 3600 in
229 3547 363 3620 promptu
381 3549 447 3598 sunt
465 3538 642 3598 adminicula.
680 3537 774 3598 Primo
795 3538 858 3597 loco
876 3539 1006 3598 credibile
1025 3557 1082 3598 noo
1100 3548 1144 3598 est

59 3629 192 3700 Quirinum
212 3651 233 3694 a
249 3633 375 3694 Varrone
394 3634 574 3712 praeteritum
592 3629 677 3690 fuisso
695 3630 769 3689 inter
787 3630 856 3690 deos
873 3631 1003 3693 selectoss
1027 3633 1075 3712 qni
1092 3633 1143 3691 ila·

57 3725 144 3788 minam
161 3727 300 3788 maiorem
318 3721 425 3798 habirit,
443 3727 521 3787 Fest.
534 3747 564 3805 p.
577 3726 644 3800 185,
656 3729 692 3781 21
706 3724 770 3798 sim,
789 3725 838 3801 qul
849 3723 932 3783 salios
946 3724 1068 3785 Collinas
1084 3727 1144 3784 sius

59 3821 217 3896 lgoneosas,
237 3817 303 3880 uida
317 3819 478 3880 Ambrosoln.
494 3819 683 3899 p.17s‚175,
703 3818 750 3896 qoi
765 3819 896 3878 sacellum
914 3827 945 3878 et
962 3821 1095 3899 templum
1109 3837 1144 3878 no

56 3909 107 3992 ipso
125 3925 272 3996 tompore,
296 3933 352 3994 quo
370 3915 433 3974 libri
451 3932 542 3973 rarum
561 3913 717 3973 diuinarum
736 3913 831 3991 scripti
849 3923 925 3989 sunt,
943 3910 1049 3972 maiora
1067 3914 1144 3971 culto

58 4009 217 4086 motum,
246 4007 312 4068 uida
334 4026 421 4087 sopra
439 4027 469 4086 p.
480 4024 596 4083 exuar,
619 4019 704 4086 qoam
728 4006 759 4066 in
783 4006 825 4064 lis
847 4007 912 4088 ipsis
931 4007 1007 4065 libris
1026 4006 1144 4066 fortasse
1227 4029 1230 4034 ·

57 4100 154 4178 aripuit
177 4103 237 4162 aliis
256 4102 367 4179 mullis,
391 4103 521 4178 Neptuno
540 4108 567 4160 sl
584 4101 698 4161 Plotiosri
715 4099 853 4175 [sonabo
871 4105 951 4162 louis
968 4107 994 4159 sl
1013 4103 1067 4178 ipsi
1085 4102 1143 4158 So-

60 4196 132 4256 luruo
150 4199 233 4278 polsi
252 4213 344 4259 soruur
361 4199 417 4258 islo
435 4193 537 4256 lounrs
551 4194 707 4276 panniolum
713 4235 723 4267 ,
745 4193 801 4254 uid.
822 4196 937 4274 August.
958 4213 982 4252 o.
1002 4195 1032 4252 3.
1050 4189 1142 4271 313.
