2636 4678
81 327 85 342 t
209 311 278 358 Lxx
608 303 740 352 OVIDIVS
764 303 909 353 cuontvu
1027 339 1029 352 .

167 523 173 530 ,
210 460 298 544 plrino
321 464 353 537 2,
371 459 427 534 70,
453 433 541 535 66666
560 473 593 516 re
617 433 686 517 61666
712 455 838 516 occidere
862 463 957 514 monet
982 452 1104 514 idolerus
1123 451 1190 513 Kal.
1208 455 1288 530 Febr,

109 607 112 620 .
138 571 143 587 “
212 555 315 634 quique
338 571 414 628 uon,
440 561 471 609 ut
495 549 600 610 iseum
618 551 677 610 aliis
697 551 824 629 putauit,
850 551 885 608 ab
905 547 1008 608 Ouidio
1027 547 1065 606 lll
1082 545 1158 606 Nou.
1178 547 1290 621 refertur,

123 628 128 643 ¹
212 647 263 707 sed
281 644 430 706 secundum
452 644 579 703 Clodrurn
598 643 670 721 prid.
691 643 779 718 Non,
801 642 926 719 sequenti
946 651 1028 700 nocte
1046 651 1110 720 post
1128 642 1227 700 Leonis
1246 659 1290 698 ura·

175 761 179 784 ·
212 741 328 801 trutinum
348 741 486 812 occasum,
507 756 589 816 quern
607 737 645 795 ad
665 739 703 796 lll
722 738 796 795 Nou.
816 737 955 814 pertinere
974 743 1156 794 monstratum
1176 747 1224 794 est.

286 833 450 910 Sequuntur
468 833 539 904 loci,
565 831 664 908 quibus
685 829 797 889 Clodius
816 830 852 886 ab
872 827 974 888 Ouidio
995 837 1044 888 aut
1062 835 1155 904 recte,
1180 839 1226 886 aut
1242 845 1291 905 per·

211 944 306 1006 peram
326 925 467 984 discedere
487 925 607 1020 uidetur,
626 923 675 980 sed
695 941 751 980 non
770 921 893 980 discedit.
1099 957 1103 970 -
1303 913 1304 918 ’

287 1015 409 1077 idolerus
427 1036 457 1095 p.
449 1019 527 1090 ,160
540 1003 828 1074 (166601160660166
842 1015 895 1074 660
910 1013 966 1075 deo
973 1017 1095 1076 Auturct
1113 1007 1159 1075 uli
1173 1015 1215 1074 die
1225 1017 1304 1072 usius

212 1109 260 1172 6166
272 1113 432 1188 Scorpione,
450 1127 483 1169 66
502 1109 566 1186 6696
581 1109 632 1168 'der
649 1113 669 1167 6
688 1109 782 1167 Mol
772 1127 803 1166 666
821 1109 869 1168 der
889 1111 973 1168 6006
991 1110 1128 1169 6661661666
1148 1109 1198 1168 rinc
1218 1111 1292 1180 t'upcu

211 1208 300 1264 660666
325 1201 438 1264 wolsten
462 1199 520 1260 6661
545 1201 719 1261 cruentares
738 1200 957 1278 Mloufpmsqs
982 1202 1033 1276 fuir
1050 1203 1134 1264 Rom.
1173 1200 1231 1259 1166
1251 1207 1292 1271 cst,

212 1295 243 1372 0,
261 1299 355 1356 4176
434 1299 622 1375 86666166-
641 1314 660 1353 6
667 1283 768 1374 modio
786 1303 866 1374 porte
884 1295 1093 1357 uotuodueorit

211 1396 289 1464 recte
307 1387 426 1450 reddere
444 1383 664 1448 astronomorum
684 1389 857 1465 calculos,
835 1409 858 1447 sr
877 1381 968 1448 ortum
987 1391 1154 1448 matutinum
1171 1387 1266 1448 liceat
1258 1401 1290 1442 ro·

102 1533 105 1546 .
212 1482 345 1560 telligere.
383 1480 429 1541 De
447 1501 547 1541 occasu
567 1493 659 1542 tamen
678 1483 840 1542 matutino
832 1501 892 1562 rpse
912 1481 1076 1562 accipitet
1081 1484 1184 1542 erroris
1200 1483 1292 1540 insinu-

212 1575 253 1634 let
267 1583 403 1655 poetam,
427 1579 493 1686 quia
511 1570 638 1635 nimirum
659 1570 812 1658 Columella
832 1595 945 1655 quoque
964 1577 1038 1655 prid.
1057 1575 1134 1636 Non.
1155 1557 1292 1635 01616661-

209 1667 289 1743 tiore,
314 1688 369 1728 non
394 1670 459 1729 oriri
478 1671 624 1752 Scorpium
651 1663 776 1731 onnot'et.
822 1671 908 1740 Quod
933 1689 950 1730 6
977 1671 1144 1750 coirupto
1135 1687 1190 1729 ram
1214 1667 1292 1726 Clodio

212 1761 437 1841 fluxisseputo‚
463 1746 1291 1876 61616666166616666666616666666616,Ν.Ν6ιι.65

79 1917 84 1930 ‚
215 1851 364 1932 σκορπίος
383 1847 519 1914 ἵωθεν’
501 1851 627 1938 ανί’σχει.“
666 1859 728 1915 1166
746 1857 879 1916 Eudoxus
899 1855 1030 1930 tradidit,
1051 1868 1134 1933 quem
1155 1863 1292 1932 corruptum

196 1933 313 2006 ¹eodem
338 1946 418 2024 loco',
444 1958 519 2007 certe
544 1950 643 2010 eodem
668 1941 816 2034 interlititio
832 1968 850 2007 a
869 1949 921 2008 Vll
937 1948 1006 2007 Kal.
1026 1949 1095 2008 Mai.
1112 1949 1204 2008 Clodii
1229 1948 1294 2004 ibiet

161 2120 167 2127 ³
213 2041 298 2120 ipsius
317 2042 441 2120 corrupti
457 2043 593 2101 Geminus
610 2038 708 2100 laudat
726 2063 757 2120 p.
771 2045 808 2104 60
823 2035 859 2104 ll.
892 2043 996 2101 Tribus
1015 2043 1084 2102 locis
1101 2041 1245 2102 astronomi
1256 2057 1293 2095 uc·

213 2142 287 2194 terer
307 2133 472 2195 emendandi
491 2143 564 2206 sunt,
581 2152 700 2213 quorum
719 2150 776 2194 uno
788 2135 915 2211 Clodius,
933 2136 1022 2195 altero
1037 2131 1167 2214 Ouidius,
1179 2135 1233 2194 nisi
1244 2131 1294 2189 deta

213 2246 302 2306 opera
325 2229 399 2287 mala
424 2230 651 2308 interpretatione
676 2227 810 2306 ucxetur,
836 2246 895 2288 rem
920 2239 1074 2288 seruaruut.
1114 2226 1293 2308 0666110616-

130 2321 133 2330 ’
213 2341 324 2384 unacum
342 2323 429 2382 maior
448 2323 531 2381 etlam
550 2319 684 2381 confusio.
728 2343 732 2352 ¹

290 2397 431 2485 Quoniam
445 2415 601 2475 Columella
613 2415 740 2475 Clodium
759 2424 869 2489 secutus
883 2425 937 2493 est,
956 2413 1049 2474 lioeblt
1067 2432 1164 2476 rursus
1182 2417 1250 2474 lrunc
1266 2427 1293 2468 cx

214 2507 261 2565 666
280 2516 310 2565 et
329 2495 431 2568 66666
452 2508 600 2566 emendare
619 2509 707 2567 nonu
726 2494 852 2568 66666)
888 2499 962 2568 uim
982 2509 1059 2588 quoa
1078 2514 1108 2584 6,
1126 2513 1185 2570 ero
1203 2509 1237 2566 ue
1252 2505 1294 2563 re

215 2618 283 2679 gaso
299 2589 359 2660 estc
398 2603 513 2688 loroque
528 2600 577 2658 olli
591 2601 744 2659 ooorulnun
763 2601 908 2662 colludunt
925 2601 1018 2662 6161666
1037 2602 1154 2681 66116666,

444 2695 569 2770 Scorpios,
592 2695 729 2770 06696661
749 2695 819 2754 66116
837 2695 941 2756 uidebis
960 2700 1031 2772 equi,

215 2791 291 2847 recte
309 2785 381 2845 tradi
400 2785 521 2844 affirmat
539 2787 661 2846 ldelerus
680 2808 710 2866 p.
719 2788 791 2860 ¹149,
811 2789 833 2846 si
853 2789 888 2846 de
903 2799 971 2870 hortu
992 2791 1139 2867 matutino,
1161 2795 1237 2870 quem
1252 2785 1295 2843 Ct-

214 2879 327 2938 lumella
345 2879 447 2954 habet,
474 2879 562 2957 accipi
579 2881 676 2958 possit.
715 2882 820 2940 Auctor
839 2899 908 2940 uero
927 2884 996 2957 sim,
1021 2895 1055 2942 ut
1074 2885 1247 2943 'confidenter
1265 2879 1295 2934 ita

215 2971 376 3049 accipiatur,
396 2971 530 3050 siquidem
544 2972 674 3046 Vediouis
692 2973 794 3034 festum
807 2987 972 3034 nocturnum
988 2988 1059 3050 erat,
1081 2989 1111 3034 ut
1124 2980 1241 3035 omniurn
1257 2989 1295 3029 no·

216 3065 336 3126 centium
355 3065 482 3140 deorum,
502 3065 577 3143 quod
597 3065 669 3124 inira
688 3067 931 3128 demonstrabitur.
969 3074 1085 3147 Iomqrre
1102 3071 1186 3148 igitur
1204 3078 1242 3127 est
1257 3063 1295 3121 sub

216 3159 277 3216 eius
303 3158 391 3222 noctis
417 3158 510 3217 finem.
555 3161 592 3215 At
617 3159 730 3219 Clodius
755 3181 922 3243 perperam
949 3154 1111 3224 Δύετάις
1094 3181 1110 3222 6
1134 3158 1227 3232 innoc
1249 3146 1295 3216 ἄπο

215 3246 306 3327 nomi,
324 3253 406 3310 etiarn
426 3262 522 3310 contra
534 3251 735 3328 Ptolemaeum,
755 3257 803 3334 qui
822 3258 966 3334 aliquoties
985 3259 1061 3315 initio
1083 3259 1184 3315 mensis
1203 3265 1229 3314 et
1245 3268 1296 3330 prt-

214 3341 304 3428 pridie
322 3341 419 3401 Nonas
437 3345 534 3423 Mart,
554 3347 583 3406 h.
603 3363 629 3406 e.
651 3351 689 3404 10
707 3347 883 3408 Phameuoth
901 3362 992 3410 ortum
1012 3338 1114 3408 indicat
1134 3350 1217 3427 Equi.

292 3435 380 3493 Nouis
399 3435 506 3495 Martiis
525 3440 607 3498 ctiam
627 3438 821 3549 corrigendum
840 3445 978 3521 estquod
998 3443 1111 3502 Clodius
1130 3443 1228 3501 lrabet:
1219 3427 1297 3496 ·iit·

216 3543 268 3588 ται
288 3523 323 3586 δὲ
342 3519 427 3589 κα1“
412 3547 428 3585 6
449 3523 582 3609 eiquoco
602 3523 734 3609 ὄρθροςι
761 3534 880 3616 primurn
900 3539 965 3614 qula
989 3538 1117 3616 superior
1142 3546 1234 3593 nostra
1250 3545 1298 3586 cor·

215 3621 329 3680 rectio·
320 3639 349 3678 ru
369 3622 482 3682 exordio
502 3625 623 3684 eiusdem
639 3626 776 3700 lemmatis
794 3627 822 3686 id
844 3629 961 3707 flagitat,
981 3633 1035 3710 legi
1058 3615 1239 3710 (1166066666ι
1225 3645 1239 3682 6
1254 3615 1297 3676 ‘ln‘

215 3731 275 3783 6666
294 3705 356 3772 ἀπὸ
377 3714 466 3792 πρωΐ.
495 3712 636 3794 φαίνεται
653 3715 688 3776 δὲ
702 3711 787 3777 6661ι
773 3741 789 3778 o
811 3717 943 3800 ςέφανος
962 3714 1085 3807 ἑσπέρᾳ.
1115 3703 1232 3795 Deinde,
1249 3711 1299 3793 quia

216 3806 334 3883 Ouidius
353 3808 392 3870 lta
411 3807 521 3867 demum
542 3821 618 3869 recte
637 3821 702 3888 post
721 3811 831 3891 Equum
851 3815 919 3876 dixit
938 3819 967 3890 3,
987 3817 1061 3876 loa·

388 3907 564 3963 Protinus
583 3907 700 3983 aspicies
717 3911 837 3968 uenienti
855 3915 932 3968 nocte
953 3910 1100 3983 06666666,

215 3993 270 4056 hoc
295 4003 338 4058 ert
362 3999 472 4075 uesperi
496 3997 619 4058 eiusdem
645 3997 709 4058 diei.
746 4001 892 4061 Postremo
912 4004 977 4082 quia
995 4004 1172 4063 Ptolemaeus
1189 3989 1298 4081 p-82'1l

215 4087 300 4158 biduo
320 4098 401 4160 ante,
425 4087 474 4148 sed
492 4091 635 4151 Geminus
645 4111 675 4172 p.
690 4096 729 4153 08
745 4095 771 4154 Ε
791 4095 857 4173 ipsis
876 4094 964 4154 Nouis
984 4096 1102 4172 Martiis,
1121 4097 1166 4155 dio
1185 4089 1299 4170 urgetur

130 4201 137 4206 ·
216 4183 306 4265 primo
326 4184 362 4243 ab
381 4185 508 4262 ingressu
524 4185 590 4246 solis
608 4187 637 4248 in
649 4187 755 4266 Pisces,
774 4189 823 4270 qui
834 4188 986 4252 secuudum
999 4187 1132 4252 Ouidium
1147 4197 1176 4250 et
1188 4181 1298 4246 clodium
