2688 4680
310 193 311 200 ἵ
418 239 424 254 ’
527 235 714 293 'lacunela
1064 190 1155 303 0qu
1265 269 1267 280 ·

48 409 93 451 res
116 387 245 450 diuersas
264 387 413 452 admittere
435 390 528 450 solent
553 389 806 468 interpretationes.
844 394 1007 458 Clausenius
1031 407 1151 482 utreque

48 485 106 562 illa,
126 503 215 565 quam
230 482 349 548 Ouidius
368 483 464 561 tradit,
483 484 520 544 de
533 483 613 542 Anna
626 483 745 544 Numicii
759 495 847 566 nupta
865 498 895 547 et
913 487 949 548 de
960 491 1041 554 Anna
1053 489 1149 554 Bouil-
1183 515 1186 522 ,

47 580 123 654 lana,
143 570 265 654 iuueoi‘t,
284 577 425 656 quomodo
445 578 596 656 aquatilem
615 597 695 636 suam
713 578 873 657 opinionem
891 593 1037 646 astrueret.
1073 587 1148 650 Nam
1200 630 1202 639 ,

47 677 157 732 Annam
176 673 291 754 Aeneae
305 671 456 752 hospitium
473 671 626 749 fugientem
643 672 733 732 eidem
752 675 875 752 Aeneae,
894 676 1012 756 ludigeti
1029 679 1100 756 loui,
1119 682 1148 740 in

47 767 161 826 domine
179 768 304 826 iunctam
325 775 354 827 et
374 785 437 825 cum
453 783 489 826 eo
501 765 610 824 Lauinii
628 765 731 824 cultam
744 767 880 852 existimat
892 781 921 830 et
934 771 1062 849 Bouillis,
1080 775 1148 856 quia
1251 760 1255 766 ⁴

46 858 229 939 idoppidum
257 859 295 918 ad
319 878 423 938 aquam
441 859 579 918 Albanam
603 859 685 918 situm
709 858 828 922 fortasse
850 863 952 940 fuerit,
979 867 1037 926 eius
1056 883 1148 944 aquae

47 953 199 1032 nympham
219 953 329 1012 Annam
347 962 537 1013 consecratam
556 947 679 1028 fuisse,
678 961 708 1012 et
726 954 801 1031 quia
810 954 889 1034 plebs
908 975 926 1015 a
944 957 1147 1020 Bouillensihus

47 1054 202 1105 msteutata
219 1044 316 1122 luerit,
335 1047 394 1106 eius
412 1047 452 1104 rei
471 1047 499 1106 in
519 1045 679 1104 memoriam
697 1045 791 1104 diuam
809 1048 846 1106 ab
864 1049 906 1108 his
922 1051 1025 1142 cultanp
1037 1051 1147 1138 Romae
1267 1120 1269 1126 ,
1323 1039 1335 1074 ”

48 1158 157 1248 quoque
182 1140 238 1199 coli
257 1150 389 1250 coeptam
406 1157 477 1202 esse.
516 1139 710 1198 Cautissimum
729 1150 799 1218 puto
818 1159 853 1199 ex
870 1141 924 1202 hae
941 1111 1037 1202 fabula
1055 1123 1145 1204 histo-

47 1234 129 1292 ricum
150 1233 218 1292 nihil
236 1235 319 1310 elici,
338 1234 390 1293 nisi
409 1233 477 1305 hoc,
497 1234 584 1313 paulo
603 1233 784 1294 recentiorem
803 1237 957 1295 secessione
974 1237 1004 1296 in
1022 1247 1145 1299 montem

47 1345 151 1386 morum
171 1328 270 1386 Annae
290 1328 394 1385 cultum
413 1328 523 1386 Romae
540 1325 635 1386 fuisse.
673 1326 736 1384 Hoc
754 1335 863 1406 tempus
881 1331 905 1388 si
929 1329 1061 1389 traditum
1080 1330 1143 1406 luit,

48 1437 79 1478 ex
95 1421 311 1479 cerimoniarum
329 1429 511 1497 argumento,¹
539 1437 610 1497 quas
626 1420 774 1498 plerasque
793 1421 830 1480 ad
849 1422 938 1483 uictus
950 1423 1154 1492 commodita·'
1222 1407 1225 1420 ⁵

48 1523 97 1573 tem
121 1523 154 1574 et
177 1513 355 1573 saturitatem
373 1523 503 1591 spectare
521 1513 595 1585 dixi,
622 1512 817 1572 animaduerso
840 1517 899 1576 siue
917 1519 1028 1595 negotio
1046 1516 1144 1577 fabula

45 1607 91 1666 illa
107 1607 145 1666 de
161 1609 263 1666 Annae
277 1607 442 1667 Bouillanae
461 1605 553 1666 officio
573 1607 747 1665 nascebatur.
786 1609 902 1670 Tertiae
919 1611 995 1689 apud
1009 1609 1142 1670 Ouidium

44 1701 157 1760 fabulae
174 1701 212 1759 de
230 1702 330 1758 Annae
349 1699 503 1774 lenocinio,
522 1719 605 1782 quam
625 1677 690 1758 nihil
708 1700 839 1781 interest,
857 1705 1141 1782 grammaticam,au
1177 1729 1194 1744 ·

44 1794 206 1871 popularem
218 1793 327 1852 habere
345 1793 425 1868 uelis,
445 1794 540 1851 subest
558 1793 742 1869 nequitiarum
762 1797 894 1868 cantatio,
911 1797 1037 1858 fortassis
1055 1797 1141 1856 etiam
1248 1821 1250 1828 ·

44 1889 171 1964 patratio
212 1886 325 1957 Quod'
317 1886 401 1963 igitur
419 1886 506 1944 tribus
525 1873 618 1944 uerbis
634 1885 798 1948 Clausenius
816 1873 895 1966 dixit,
913 1908 974 1950 esse
993 1890 1047 1954 hoo
1063 1908 1140 1949 sum·

43 1990 116 2058 ptum
141 1980 257 2040 acultu
276 1979 412 2040 Chaouae
430 1977 571 2054 Punicae,
593 1977 623 2037 id
646 1981 787 2042 uerissime
812 1983 915 2042 dictum
932 1984 1069 2043 mistimu.
1106 1981 1140 2041 Si

43 2077 70 2133 in
91 2075 203 2134 minutis
227 2075 312 2134 rebus
342 2089 555 2153 saepenumero⁴
572 2072 601 2131 in
625 2073 776 2134 Claur'enio
800 2071 969 2135 notandam
978 2075 1139 2154 putarimus

44 2168 182 2246 quandam
200 2169 360 2243 licentiam,
380 2185 437 2226 non
454 2165 519 2225 ideo
538 2165 701 2244 derogatum
720 2176 779 2228 esto
799 2170 858 2229 eius
876 2170 971 2245 laudi,
989 2187 1053 2226 cum
1070 2165 1139 2246 quid

45 2281 173 2339 generose
190 2272 221 2323 et
243 2262 381 2340 sagaciter
406 2261 575 2338 excogitauit
599 2261 629 2318 iu
656 2278 688 2320 re
713 2261 805 2338 adeo,
831 2281 905 2340 quae
930 2262 1089 2322 testimoniis
1107 2269 1137 2320 et

45 2355 259 2416 testimoniorum
277 2354 468 2415 aestimatione
486 2353 585 2414 confici
604 2371 660 2412 nou
674 2361 777 2430 potest.
806 2355 886 2414 Nihil
903 2364 946 2415 est
962 2358 1136 2434 inexpugoa·
1192 2417 1194 2428 ,

45 2449 93 2510 bile
106 2451 297 2526 coniecturae,
316 2447 436 2507 simodo
451 2447 512 2524 ipsa
526 2447 649 2524 legitima
663 2456 780 2507 uenusta
793 2450 882 2508 uitalis
899 2451 1029 2510 nascitur.
1054 2450 1135 2512 Deae

44 2544 160 2604 Caelesti
175 2541 443 2620 Carthaginiensium
462 2539 591 2598 adiuncta
611 2539 739 2601 uidentur
750 2561 803 2621 pru
821 2543 924 2622 duplici
943 2547 1003 2604 dus
1020 2546 1136 2604 numine

43 2636 92 2698 duo
108 2639 235 2713 numina,
255 2636 372 2696 alterum
383 2634 499 2694 Didonis
513 2634 701 2709 castissimum,
719 2637 823 2714 templo
836 2627 887 2696 suo
904 2638 1018 2708 cultum,
1036 2637 1133 2700 lustin.

43 2736 85 2808 te,
97 2735 129 2807 6,
152 2730 267 2790 alterius
285 2728 421 2789 Chaonas
437 2728 537 2788 indicia
555 2737 704 2806 supersunt
722 2747 823 2790 nomeu
836 2730 1036 2808 Ebedehanua,
1055 2731 1133 2810 quod

41 2826 189 2903 significare
214 2823 315 2882 dicitur
333 2821 468 2882 Chauuae
495 2821 707 2896 inseruientem,
731 2824 826 2884 Claus.
846 2844 877 2903 p.
892 2825 965 2901 mo,
991 2836 1020 2884 et
1036 2821 1132 2886 fabule
1191 2823 1194 2830 ’

42 2928 146 2978 uetusta
164 2937 184 2977 a
202 2918 330 2977 Varrone
348 2915 450 2974 tradita
464 2907 539 2974 ¹teste
557 2915 656 2981 Seruio
669 2915 739 2976 Aen.
755 2918 784 2987 4,
799 2919 871 2992 682;
891 2917 962 2994 5,4,
980 2919 1131 2980 secundum

40 3031 116 3090 quam
136 3015 247 3071 Aeneas
265 3029 325 3070 rem
345 3009 443 3068 habuit
459 3027 522 3068 cum
540 3010 632 3085 Anna,
651 3028 708 3067 uon
724 3009 848 3070 Didone:
867 3011 981 3085 sedicet,
1000 3021 1032 3069 ut
1045 3011 1132 3069 Clau·

40 3107 125 3166 senius
146 3103 242 3181 docet,
261 3104 373 3178 Siculis,
392 3103 441 3181 qui
453 3103 574 3160 Aeneam
592 3121 646 3182 pro
664 3102 800 3162 Sicharba
817 3105 1054 3181 interposuerunt,
1071 3121 1130 3162 uon

40 3201 201 3260 audentibus
219 3207 286 3256 ante
305 3197 443 3273 deuictam
462 3195 657 3280 Carthaginem
675 3196 792 3256 Didonis
809 3196 912 3254 famam
931 3196 1050 3256 laedere.
1085 3196 1130 3256 Ad

40 3294 178 3354 Chaunum
195 3295 278 3370 igitur
292 3288 455 3351 referendus
468 3298 511 3348 est
523 3291 612 3348 cultus
626 3289 741 3350 Veneris
755 3289 997 3366 Carthaginiensis,
1016 3289 1053 3350 de
1071 3309 1129 3369 qua

41 3405 71 3446 ex
88 3389 181 3447 nornis
201 3386 296 3445 docuit
314 3385 409 3444 Claus.
429 3399 496 3441 auu.
516 3386 588 3459 743,
608 3385 714 3446 Vestae
731 3381 913 3457 Phoeniciae,
931 3403 1015 3462 quam
1034 3386 1129 3463 Augu-

40 3482 120 3542 stinus
137 3481 209 3541 dicit
227 3498 253 3538 c.
273 3477 303 3536 d.
321 3479 415 3552 4,10‚
432 3476 586 3554 puellarum
605 3477 774 3555 prostitutio,
793 3475 830 3534 de
848 3495 905 3555 qua
922 3478 1018 3535 lustin.
1039 3481 1087 3552 18,
1096 3479 1126 3538 d.
1154 3516 1156 3520 -

39 3573 141 3636 Eodem
161 3592 231 3632 uem
252 3573 306 3631 ritu
326 3573 426 3630 colitur
444 3571 538 3628 Venus
557 3558 692 3646 Erycina,
711 3569 804 3628 Strab.
824 3571 856 3645 6,
875 3591 905 3649 p.
915 3565 1030 3630 27201)
1049 3571 1126 3647 Cae,
1189 3597 1194 3606 ι

40 3687 105 3744 quae
123 3668 243 3728 noueris
262 3666 408 3745 quotannis
423 3664 518 3722 diebus
531 3664 725 3747 Carthaginem
737 3659 930 3740 proficiscitur,
948 3661 1054 3723 helian.
1064 3682 1126 3723 uar.

39 3759 96 3822 hist.
111 3762 192 3840 t,15
206 3770 278 3819 extr.
316 3759 392 3818 Nihil
411 3759 493 3834 igitur
511 3757 690 3835 probabilius,
709 3775 792 3836 quam
810 3759 841 3816 in
858 3759 950 3818 Sicilia
968 3775 1082 3836 quoque
1098 3765 1127 3818 et

39 3865 128 3916 nomm
147 3865 178 3916 et
199 3853 302 3912 cultam
328 3851 413 3910 luisse
431 3855 550 3911 Annam.
588 3853 666 3910 Haec
689 3852 796 3930 plenius
818 3853 906 3912 multa
923 3871 987 3910 cum
1005 3851 1127 3910 oblecta·
1200 3903 1202 3909 ,

40 3949 110 4008 tone
127 3949 204 4027 leges
223 3947 299 4026 apud
320 3946 497 4004 Clauseuium
516 3965 545 4024 p.
559 3949 616 4004 487
631 3966 685 4024 sq.,
703 3966 734 4024 p.
746 3947 802 4004 506
814 3953 884 4022 sqq.
915 3944 948 4003 Si
965 3961 1032 4002 nero
1051 3944 1127 4020 culta

40 4051 77 4102 est
94 4061 113 4102 a
131 4041 233 4102 Siculis
252 4047 333 4100 anua
351 4037 449 4098 codem
475 4038 536 4098 fere
555 4057 588 4098 ac
606 4031 701 4102 Venus
719 4041 789 4111 ritu,
807 4037 898 4095 licebit
917 4038 1074 4096 coniectare
1090 4038 1127 4096 ah
1145 4077 1148 4089 ·

42 4133 205 4200 reomau
223 4133 354 4204 delatam,
373 4135 421 4212 qui
439 4136 467 4194 in
486 4133 603 4213 pecuda
620 4140 685 4212 post
703 4132 883 4194 secessionem
895 4129 998 4207 'plebia
1018 4129 1081 4188 Liu.
1095 4133 1137 4203 2,ι
1219 4183 1221 4190 ,
1262 4149 1270 4164 =
1324 4165 1327 4174 ·
