<?xml version="1.0" encoding="UTF-8"?>
<!DOCTYPE html PUBLIC "-//W3C//DTD XHTML 1.0 Transitional//EN"
    "http://www.w3.org/TR/xhtml1/DTD/xhtml1-transitional.dtd">
<html xmlns="http://www.w3.org/1999/xhtml" xml:lang="en" lang="en">
 <head>
  <title>
</title>
<meta http-equiv="Content-Type" content="text/html;charset=utf-8" />
  <meta name='ocr-system' content='tesseract 3.04.00' />
  <meta name='ocr-capabilities' content='ocr_page ocr_carea ocr_par ocr_line ocrx_word'/>
</head>
<body>
  <div class='ocr_page' id='page_1' title='image "./fastorumlibrise00merkgoog_0293.png"; bbox 0 0 2642 4674; ppageno 0'>
   <div class='ocr_carea' id='block_1_1' title="bbox 330 235 1277 366">
    <p class='ocr_par' dir='ltr' id='par_1_1' title="bbox 330 235 1277 366">
     <span class='ocr_line' id='line_1_1' title="bbox 330 235 1277 366; baseline 0.005 -34"><span class='ocrx_word' id='word_1_1' title='bbox 330 239 334 256; x_wconf 59' lang='lat'>⁸</span> <span class='ocrx_word' id='word_1_2' title='bbox 389 281 491 342; x_wconf 63' lang='lat' dir='ltr'><strong>coon-¹</strong></span> <span class='ocrx_word' id='word_1_3' title='bbox 508 270 728 339; x_wconf 83' lang='lat' dir='ltr'><strong>nrrsurocrrr</strong></span> <span class='ocrx_word' id='word_1_4' title='bbox 930 277 1115 336; x_wconf 83' lang='lat' dir='ltr'><strong>·ccnxxxr</strong></span> <span class='ocrx_word' id='word_1_5' title='bbox 1217 359 1222 366; x_wconf 13' lang='grc' dir='ltr'>ἡ</span> <span class='ocrx_word' id='word_1_6' title='bbox 1273 235 1277 247; x_wconf 50' lang='grc'>’</span> 
     </span>
    </p>
   </div>
   <div class='ocr_carea' id='block_1_2' title="bbox 40 433 1184 4070">
    <p class='ocr_par' dir='ltr' id='par_1_2' title="bbox 40 433 1184 4070">
     <span class='ocr_line' id='line_1_2' title="bbox 50 433 1114 516; baseline -0.005 -13"><span class='ocrx_word' id='word_1_7' title='bbox 50 457 109 503; x_wconf 74' lang='lat' dir='ltr'><strong>nuo</strong></span> <span class='ocrx_word' id='word_1_8' title='bbox 125 439 142 498; x_wconf 80' lang='grc'><strong>8</strong></span> <span class='ocrx_word' id='word_1_9' title='bbox 157 435 244 498; x_wconf 86' lang='lat' dir='ltr'><strong>notaui</strong></span> <span class='ocrx_word' id='word_1_10' title='bbox 261 436 399 516; x_wconf 88' lang='lat' dir='ltr'><strong>ascriptis,</strong></span> <span class='ocrx_word' id='word_1_11' title='bbox 419 438 468 498; x_wconf 87' lang='lat' dir='ltr'><strong>ubi</strong></span> <span class='ocrx_word' id='word_1_12' title='bbox 489 436 693 516; x_wconf 83' lang='lat' dir='ltr'><strong>discrepabant,</strong></span> <span class='ocrx_word' id='word_1_13' title='bbox 713 433 895 496; x_wconf 78' lang='lat' dir='ltr'><strong>ductoribus..</strong></span> <span class='ocrx_word' id='word_1_14' title='bbox 919 434 1061 498; x_wconf 84' lang='lat' dir='ltr'><strong>Numerus</strong></span> <span class='ocrx_word' id='word_1_15' title='bbox 1074 439 1114 498; x_wconf 92' lang='grc'><strong>33</strong></span> 
     </span>
     <span class='ocr_line' id='line_1_3' title="bbox 50 527 1114 611; baseline -0.003 -19"><span class='ocrx_word' id='word_1_16' title='bbox 50 550 76 592; x_wconf 88' lang='lat' dir='ltr'><strong>ea</strong></span> <span class='ocrx_word' id='word_1_17' title='bbox 90 533 113 590; x_wconf 92' lang='lat' dir='ltr'><strong>in</strong></span> <span class='ocrx_word' id='word_1_18' title='bbox 127 541 198 611; x_wconf 84' lang='lat' dir='ltr'><strong>parte</strong></span> <span class='ocrx_word' id='word_1_19' title='bbox 215 532 396 592; x_wconf 73' lang='lat' dir='ltr'><strong>annotationis</strong></span> <span class='ocrx_word' id='word_1_20' title='bbox 414 531 548 610; x_wconf 82' lang='lat' dir='ltr'><strong>significat</strong></span> <span class='ocrx_word' id='word_1_21' title='bbox 564 533 685 611; x_wconf 91' lang='lat' dir='ltr'><strong>primum</strong></span> <span class='ocrx_word' id='word_1_22' title='bbox 702 548 737 589; x_wconf 86' lang='lat' dir='ltr'><strong>ex</strong></span> <span class='ocrx_word' id='word_1_23' title='bbox 747 527 889 588; x_wconf 73' lang='lat' dir='ltr'><strong>Vaticanis</strong></span> <span class='ocrx_word' id='word_1_24' title='bbox 901 530 1013 607; x_wconf 91' lang='lat' dir='ltr'><strong>reliquis</strong></span> <span class='ocrx_word' id='word_1_25' title='bbox 1027 531 1114 589; x_wconf 88' lang='lat' dir='ltr'><strong>Hein-</strong></span> 
     </span>
     <span class='ocr_line' id='line_1_4' title="bbox 49 622 1115 700; baseline 0.001 -16"><span class='ocrx_word' id='word_1_26' title='bbox 49 625 126 684; x_wconf 85' lang='lat' dir='ltr'><strong>sinel</strong></span> <span class='ocrx_word' id='word_1_27' title='bbox 141 624 251 686; x_wconf 81' lang='lat' dir='ltr'><strong>Cioiani.</strong></span> <span class='ocrx_word' id='word_1_28' title='bbox 288 625 357 686; x_wconf 86' lang='lat' dir='ltr'><strong>luda</strong></span> <span class='ocrx_word' id='word_1_29' title='bbox 374 642 393 684; x_wconf 88' lang='lat' dir='ltr'><strong>a</strong></span> <span class='ocrx_word' id='word_1_30' title='bbox 410 630 442 700; x_wconf 86' lang='grc'><strong>3,</strong></span> <span class='ocrx_word' id='word_1_31' title='bbox 455 628 511 684; x_wconf 81' lang='lat'><strong>241</strong></span> <span class='ocrx_word' id='word_1_32' title='bbox 532 625 568 684; x_wconf 88' lang='lat' dir='ltr'><strong>ad</strong></span> <span class='ocrx_word' id='word_1_33' title='bbox 594 626 678 685; x_wconf 85' lang='lat' dir='ltr'><strong>finem</strong></span> <span class='ocrx_word' id='word_1_34' title='bbox 703 641 818 683; x_wconf 89' lang='lat' dir='ltr'><strong>numero</strong></span> <span class='ocrx_word' id='word_1_35' title='bbox 837 627 858 682; x_wconf 88' lang='grc'><strong>8</strong></span> <span class='ocrx_word' id='word_1_36' title='bbox 876 622 994 682; x_wconf 88' lang='lat' dir='ltr'><strong>indicaui</strong></span> <span class='ocrx_word' id='word_1_37' title='bbox 1012 624 1115 684; x_wconf 84' lang='lat' dir='ltr'><strong>librum</strong></span> 
     </span>
     <span class='ocr_line' id='line_1_5' title="bbox 50 716 1181 806; baseline -0.001 -30"><span class='ocrx_word' id='word_1_38' title='bbox 50 719 194 806; x_wconf 83' lang='lat' dir='ltr'><strong>Vrsiniannm</strong></span> <span class='ocrx_word' id='word_1_39' title='bbox 212 717 344 793; x_wconf 66' lang='lat' dir='ltr'><strong>ciniani,</strong></span> <span class='ocrx_word' id='word_1_40' title='bbox 369 735 485 777; x_wconf 87' lang='lat' dir='ltr'><strong>numero</strong></span> <span class='ocrx_word' id='word_1_41' title='bbox 504 722 541 775; x_wconf 92' lang='grc'><strong>33</strong></span> <span class='ocrx_word' id='word_1_42' title='bbox 562 717 738 778; x_wconf 89' lang='lat' dir='ltr'><strong>Vrsiuiauum</strong></span> <span class='ocrx_word' id='word_1_43' title='bbox 757 717 870 777; x_wconf 86' lang='lat' dir='ltr'><strong>Heinsii.</strong></span> <span class='ocrx_word' id='word_1_44' title='bbox 912 717 985 774; x_wconf 90' lang='lat' dir='ltr'><strong>Hinc</strong></span> <span class='ocrx_word' id='word_1_45' title='bbox 1010 716 1115 775; x_wconf 87' lang='lat' dir='ltr'><strong>iucom-</strong></span> <span class='ocrx_word' id='word_1_46' title='bbox 1179 745 1181 750; x_wconf 96' lang='lat'>·</span> 
     </span>
     <span class='ocr_line' id='line_1_6' title="bbox 49 809 1116 890; baseline -0.001 -21"><span class='ocrx_word' id='word_1_47' title='bbox 49 811 137 870; x_wconf 87' lang='lat' dir='ltr'><strong>nodum</strong></span> <span class='ocrx_word' id='word_1_48' title='bbox 154 812 268 871; x_wconf 84' lang='lat' dir='ltr'><strong>nascitur</strong></span> <span class='ocrx_word' id='word_1_49' title='bbox 281 811 346 887; x_wconf 90' lang='lat' dir='ltr'><strong>hnc,</strong></span> <span class='ocrx_word' id='word_1_50' title='bbox 365 809 440 890; x_wconf 71' lang='lat' dir='ltr'><strong>qnod</strong></span> <span class='ocrx_word' id='word_1_51' title='bbox 459 811 511 869; x_wconf 89' lang='lat' dir='ltr'><strong>sub</strong></span> <span class='ocrx_word' id='word_1_52' title='bbox 530 811 564 870; x_wconf 91' lang='lat' dir='ltr'><strong>iis</strong></span> <span class='ocrx_word' id='word_1_53' title='bbox 582 813 703 873; x_wconf 85' lang='lat' dir='ltr'><strong>numeris</strong></span> <span class='ocrx_word' id='word_1_54' title='bbox 721 811 858 890; x_wconf 89' lang='lat' dir='ltr'><strong>scriptura</strong></span> <span class='ocrx_word' id='word_1_55' title='bbox 874 809 910 867; x_wconf 88' lang='lat' dir='ltr'><strong>ab</strong></span> <span class='ocrx_word' id='word_1_56' title='bbox 926 809 1038 868; x_wconf 75' lang='lat' dir='ltr'><strong>Heinsio</strong></span> <span class='ocrx_word' id='word_1_57' title='bbox 1055 817 1116 868; x_wconf 86' lang='lat' dir='ltr'><strong>tra·</strong></span> 
     </span>
     <span class='ocr_line' id='line_1_7' title="bbox 51 897 1168 984; baseline 0.002 -22"><span class='ocrx_word' id='word_1_58' title='bbox 51 903 95 962; x_wconf 91' lang='lat' dir='ltr'><strong>dita</strong></span> <span class='ocrx_word' id='word_1_59' title='bbox 109 907 199 984; x_wconf 89' lang='lat' dir='ltr'><strong>ubique</strong></span> <span class='ocrx_word' id='word_1_60' title='bbox 213 907 374 966; x_wconf 82' lang='lat' dir='ltr'><strong>examussim</strong></span> <span class='ocrx_word' id='word_1_61' title='bbox 391 905 557 975; x_wconf 87' lang='lat' dir='ltr'><strong>inuenietur,</strong></span> <span class='ocrx_word' id='word_1_62' title='bbox 577 897 627 964; x_wconf 79' lang='lat' dir='ltr'><strong>s&#39;ed</strong></span> <span class='ocrx_word' id='word_1_63' title='bbox 647 916 739 970; x_wconf 85' lang='lat' dir='ltr'><strong>tamen</strong></span> <span class='ocrx_word' id='word_1_64' title='bbox 759 905 821 963; x_wconf 88' lang='lat' dir='ltr'><strong>sciri</strong></span> <span class='ocrx_word' id='word_1_65' title='bbox 839 903 890 962; x_wconf 90' lang='lat' dir='ltr'><strong>nisi</strong></span> <span class='ocrx_word' id='word_1_66' title='bbox 908 903 1032 982; x_wconf 89' lang='lat' dir='ltr'><strong>inspecto</strong></span> <span class='ocrx_word' id='word_1_67' title='bbox 1048 903 1115 964; x_wconf 91' lang='lat' dir='ltr'><strong>Cio·</strong></span> <span class='ocrx_word' id='word_1_68' title='bbox 1165 908 1168 918; x_wconf 88' lang='lat'>&#39;</span> 
     </span>
     <span class='ocr_line' id='line_1_8' title="bbox 49 995 1115 1078; baseline 0.005 -25"><span class='ocrx_word' id='word_1_69' title='bbox 49 995 92 1054; x_wconf 87' lang='lat' dir='ltr'><strong>iuri</strong></span> <span class='ocrx_word' id='word_1_70' title='bbox 107 1001 288 1058; x_wconf 83' lang='lat' dir='ltr'><strong>commentario</strong></span> <span class='ocrx_word' id='word_1_71' title='bbox 307 1015 363 1059; x_wconf 93' lang='lat' dir='ltr'><strong>non</strong></span> <span class='ocrx_word' id='word_1_72' title='bbox 383 997 497 1077; x_wconf 88' lang='lat' dir='ltr'><strong>poterit,</strong></span> <span class='ocrx_word' id='word_1_73' title='bbox 516 1015 579 1056; x_wconf 87' lang='lat' dir='ltr'><strong>cunr</strong></span> <span class='ocrx_word' id='word_1_74' title='bbox 598 1000 626 1057; x_wconf 91' lang='lat' dir='ltr'><strong>in</strong></span> <span class='ocrx_word' id='word_1_75' title='bbox 647 1009 727 1078; x_wconf 88' lang='lat' dir='ltr'><strong>parte</strong></span> <span class='ocrx_word' id='word_1_76' title='bbox 744 998 831 1076; x_wconf 79' lang='lat' dir='ltr'><strong>priori</strong></span> <span class='ocrx_word' id='word_1_77' title='bbox 848 999 867 1055; x_wconf 81' lang='lat'><em>8</em></span> <span class='ocrx_word' id='word_1_78' title='bbox 886 995 974 1072; x_wconf 69' lang='lat' dir='ltr'><strong>adut,</strong></span> <span class='ocrx_word' id='word_1_79' title='bbox 995 1016 1061 1055; x_wconf 91' lang='lat' dir='ltr'><strong>uum</strong></span> <span class='ocrx_word' id='word_1_80' title='bbox 1079 1015 1115 1058; x_wconf 86' lang='lat' dir='ltr'><strong>ea</strong></span> 
     </span>
     <span class='ocr_line' id='line_1_9' title="bbox 50 1090 1115 1171; baseline 0.004 -25"><span class='ocrx_word' id='word_1_81' title='bbox 50 1091 162 1168; x_wconf 85' lang='lat' dir='ltr'><strong>utriusque</strong></span> <span class='ocrx_word' id='word_1_82' title='bbox 174 1093 310 1168; x_wconf 88' lang='lat' dir='ltr'><strong>Vrsiuiani</strong></span> <span class='ocrx_word' id='word_1_83' title='bbox 328 1093 365 1152; x_wconf 90' lang='lat' dir='ltr'><strong>sit</strong></span> <span class='ocrx_word' id='word_1_84' title='bbox 382 1092 530 1171; x_wconf 86' lang='lat' dir='ltr'><strong>scriptura,</strong></span> <span class='ocrx_word' id='word_1_85' title='bbox 550 1102 579 1151; x_wconf 88' lang='lat' dir='ltr'><strong>et</strong></span> <span class='ocrx_word' id='word_1_86' title='bbox 597 1111 661 1150; x_wconf 86' lang='lat' dir='ltr'><strong>cum</strong></span> <span class='ocrx_word' id='word_1_87' title='bbox 680 1093 707 1150; x_wconf 92' lang='lat' dir='ltr'><strong>iu</strong></span> <span class='ocrx_word' id='word_1_88' title='bbox 726 1099 808 1169; x_wconf 89' lang='lat' dir='ltr'><strong>parte</strong></span> <span class='ocrx_word' id='word_1_89' title='bbox 822 1090 966 1168; x_wconf 78' lang='lat' dir='ltr'><strong>posteriori</strong></span> <span class='ocrx_word' id='word_1_90' title='bbox 981 1095 1027 1161; x_wconf 87' lang='grc'><strong>33,</strong></span> <span class='ocrx_word' id='word_1_91' title='bbox 1046 1110 1115 1150; x_wconf 86' lang='lat' dir='ltr'><strong>num</strong></span> 
     </span>
     <span class='ocr_line' id='line_1_10' title="bbox 49 1181 1117 1264; baseline 0.001 -24"><span class='ocrx_word' id='word_1_92' title='bbox 49 1181 155 1244; x_wconf 77' lang='lat' dir='ltr'><strong>ndioetur</strong></span> <span class='ocrx_word' id='word_1_93' title='bbox 171 1197 280 1264; x_wconf 87' lang='lat' dir='ltr'><strong>praeter</strong></span> <span class='ocrx_word' id='word_1_94' title='bbox 291 1185 467 1246; x_wconf 88' lang='lat' dir='ltr'><strong>Vrsininnum</strong></span> <span class='ocrx_word' id='word_1_95' title='bbox 484 1186 587 1245; x_wconf 88' lang='lat' dir='ltr'><strong>Heinsii</strong></span> <span class='ocrx_word' id='word_1_96' title='bbox 605 1186 686 1244; x_wconf 86' lang='lat' dir='ltr'><strong>simul</strong></span> <span class='ocrx_word' id='word_1_97' title='bbox 704 1186 809 1262; x_wconf 88' lang='lat' dir='ltr'><strong>primus</strong></span> <span class='ocrx_word' id='word_1_98' title='bbox 824 1181 974 1241; x_wconf 77' lang='lat' dir='ltr'><strong>Vaticanus</strong></span> <span class='ocrx_word' id='word_1_99' title='bbox 994 1183 1117 1260; x_wconf 82' lang='lat' dir='ltr'><strong>Cioiani,</strong></span> 
     </span>
     <span class='ocr_line' id='line_1_11' title="bbox 50 1276 1116 1360; baseline 0 -26"><span class='ocrx_word' id='word_1_100' title='bbox 50 1293 110 1350; x_wconf 84' lang='lat' dir='ltr'><strong>quern</strong></span> <span class='ocrx_word' id='word_1_101' title='bbox 131 1288 217 1338; x_wconf 86' lang='lat' dir='ltr'><strong>tomen</strong></span> <span class='ocrx_word' id='word_1_102' title='bbox 242 1279 328 1342; x_wconf 84' lang='lat' dir='ltr'><strong>credo</strong></span> <span class='ocrx_word' id='word_1_103' title='bbox 349 1297 484 1360; x_wconf 86' lang='lat' dir='ltr'><strong>nusquam</strong></span> <span class='ocrx_word' id='word_1_104' title='bbox 509 1278 592 1338; x_wconf 91' lang='lat' dir='ltr'><strong>sirnul</strong></span> <span class='ocrx_word' id='word_1_105' title='bbox 615 1279 737 1338; x_wconf 87' lang='lat' dir='ltr'><strong>disertior</strong></span> <span class='ocrx_word' id='word_1_106' title='bbox 756 1277 974 1334; x_wconf 82' lang='lat' dir='ltr'><strong>commemorari.</strong></span> <span class='ocrx_word' id='word_1_107' title='bbox 1013 1276 1116 1346; x_wconf 85' lang='lat' dir='ltr'><strong>Facilis</strong></span> 
     </span>
     <span class='ocr_line' id='line_1_12' title="bbox 49 1369 1117 1450; baseline 0.003 -26"><span class='ocrx_word' id='word_1_108' title='bbox 49 1377 80 1425; x_wconf 88' lang='lat' dir='ltr'><strong>est</strong></span> <span class='ocrx_word' id='word_1_109' title='bbox 93 1370 159 1429; x_wconf 84' lang='lat' dir='ltr'><strong>lnior</strong></span> <span class='ocrx_word' id='word_1_110' title='bbox 175 1374 300 1434; x_wconf 89' lang='lat' dir='ltr'><strong>benenoli</strong></span> <span class='ocrx_word' id='word_1_111' title='bbox 318 1375 439 1447; x_wconf 87' lang='lat' dir='ltr'><strong>lectoris,</strong></span> <span class='ocrx_word' id='word_1_112' title='bbox 457 1373 507 1450; x_wconf 89' lang='lat' dir='ltr'><strong>qni</strong></span> <span class='ocrx_word' id='word_1_113' title='bbox 523 1369 633 1431; x_wconf 82' lang='lat' dir='ltr'><strong>Cioiaui</strong></span> <span class='ocrx_word' id='word_1_114' title='bbox 647 1369 837 1429; x_wconf 76' lang='lat' dir='ltr'><strong>sulmonensis</strong></span> <span class='ocrx_word' id='word_1_115' title='bbox 855 1369 1117 1442; x_wconf 83' lang='lat' dir='ltr'><strong>commentariorum</strong></span> 
     </span>
     <span class='ocr_line' id='line_1_13' title="bbox 50 1459 1117 1542; baseline 0.001 -21"><span class='ocrx_word' id='word_1_116' title='bbox 50 1459 142 1524; x_wconf 71' lang='lat' dir='ltr'><strong>elidem</strong></span> <span class='ocrx_word' id='word_1_117' title='bbox 153 1465 326 1528; x_wconf 85' lang='lat' dir='ltr'><strong>Plantiuiana</strong></span> <span class='ocrx_word' id='word_1_118' title='bbox 343 1476 448 1542; x_wconf 88' lang='lat' dir='ltr'><strong>utetur,</strong></span> <span class='ocrx_word' id='word_1_119' title='bbox 468 1466 538 1526; x_wconf 89' lang='lat' dir='ltr'><strong>lraec</strong></span> <span class='ocrx_word' id='word_1_120' title='bbox 552 1481 764 1541; x_wconf 79' lang='lat' dir='ltr'><strong>recognosceres</strong></span> <span class='ocrx_word' id='word_1_121' title='bbox 783 1463 850 1522; x_wconf 87' lang='lat' dir='ltr'><strong>milri</strong></span> <span class='ocrx_word' id='word_1_122' title='bbox 863 1462 900 1521; x_wconf 90' lang='lat' dir='ltr'><strong>ad</strong></span> <span class='ocrx_word' id='word_1_123' title='bbox 914 1482 1026 1522; x_wconf 88' lang='lat' dir='ltr'><strong>manum</strong></span> <span class='ocrx_word' id='word_1_124' title='bbox 1041 1483 1117 1532; x_wconf 81' lang='lat' dir='ltr'><strong>nuno</strong></span> 
     </span>
     <span class='ocr_line' id='line_1_14' title="bbox 49 1556 1115 1636; baseline 0.007 -26"><span class='ocrx_word' id='word_1_125' title='bbox 49 1569 89 1610; x_wconf 92' lang='lat' dir='ltr'><strong>nun</strong></span> <span class='ocrx_word' id='word_1_126' title='bbox 102 1565 167 1617; x_wconf 86' lang='lat' dir='ltr'><strong>snnt.</strong></span> <span class='ocrx_word' id='word_1_127' title='bbox 202 1561 310 1621; x_wconf 80' lang='lat' dir='ltr'><strong>Fateor</strong></span> <span class='ocrx_word' id='word_1_128' title='bbox 333 1559 409 1620; x_wconf 86' lang='lat' dir='ltr'><strong>malo</strong></span> <span class='ocrx_word' id='word_1_129' title='bbox 432 1559 524 1619; x_wconf 91' lang='lat' dir='ltr'><strong>omine</strong></span> <span class='ocrx_word' id='word_1_130' title='bbox 547 1577 592 1618; x_wconf 91' lang='lat' dir='ltr'><strong>me</strong></span> <span class='ocrx_word' id='word_1_131' title='bbox 611 1558 745 1618; x_wconf 89' lang='lat' dir='ltr'><strong>accedere</strong></span> <span class='ocrx_word' id='word_1_132' title='bbox 764 1556 800 1616; x_wconf 91' lang='lat' dir='ltr'><strong>ad</strong></span> <span class='ocrx_word' id='word_1_133' title='bbox 820 1557 1059 1636; x_wconf 79' lang='lat' dir='ltr'><strong>quaestiunculam</strong></span> <span class='ocrx_word' id='word_1_134' title='bbox 1078 1557 1115 1618; x_wconf 85' lang='lat' dir='ltr'><strong>do</strong></span> 
     </span>
     <span class='ocr_line' id='line_1_15' title="bbox 49 1643 1115 1730; baseline 0.001 -21"><span class='ocrx_word' id='word_1_135' title='bbox 49 1643 227 1726; x_wconf 65' lang='lat' dir='ltr'><strong>interpolatione</strong></span> <span class='ocrx_word' id='word_1_136' title='bbox 244 1653 326 1714; x_wconf 84' lang='lat' dir='ltr'><strong>lruins</strong></span> <span class='ocrx_word' id='word_1_137' title='bbox 347 1653 488 1725; x_wconf 83' lang='lat' dir='ltr'><strong>carminis,</strong></span> <span class='ocrx_word' id='word_1_138' title='bbox 508 1668 581 1730; x_wconf 89' lang='lat' dir='ltr'><strong>quae</strong></span> <span class='ocrx_word' id='word_1_139' title='bbox 599 1651 670 1709; x_wconf 86' lang='lat' dir='ltr'><strong>libro</strong></span> <span class='ocrx_word' id='word_1_140' title='bbox 688 1651 859 1729; x_wconf 87' lang='lat' dir='ltr'><strong>potissimum</strong></span> <span class='ocrx_word' id='word_1_141' title='bbox 878 1647 1028 1710; x_wconf 86' lang='lat' dir='ltr'><strong>Vrsiniann</strong></span> <span class='ocrx_word' id='word_1_142' title='bbox 1047 1670 1115 1710; x_wconf 90' lang='lat' dir='ltr'><strong>cun·</strong></span> 
     </span>
     <span class='ocr_line' id='line_1_16' title="bbox 43 1736 1116 1818; baseline 0.003 -18"><span class='ocrx_word' id='word_1_143' title='bbox 43 1736 133 1802; x_wconf 54' lang='lat' dir='ltr'><strong>*treus</strong></span> <span class='ocrx_word' id='word_1_144' title='bbox 167 1745 223 1806; x_wconf 90' lang='lat' dir='ltr'><strong>Sed</strong></span> <span class='ocrx_word' id='word_1_145' title='bbox 242 1757 336 1807; x_wconf 69' lang='lat' dir='ltr'><strong>nmen</strong></span> <span class='ocrx_word' id='word_1_146' title='bbox 354 1753 432 1806; x_wconf 72' lang='lat' dir='ltr'><strong>taron</strong></span> <span class='ocrx_word' id='word_1_147' title='bbox 449 1752 477 1804; x_wconf 79' lang='lat' dir='ltr'><strong>ts</strong></span> <span class='ocrx_word' id='word_1_148' title='bbox 494 1740 612 1818; x_wconf 73' lang='lat' dir='ltr'><strong>Africo!</strong></span> <span class='ocrx_word' id='word_1_149' title='bbox 636 1744 724 1803; x_wconf 82' lang='lat' dir='ltr'><strong>Error</strong></span> <span class='ocrx_word' id='word_1_150' title='bbox 748 1744 795 1802; x_wconf 91' lang='lat' dir='ltr'><strong>ille</strong></span> <span class='ocrx_word' id='word_1_151' title='bbox 812 1761 891 1802; x_wconf 87' lang='lat' dir='ltr'><strong>meus</strong></span> <span class='ocrx_word' id='word_1_152' title='bbox 909 1752 991 1804; x_wconf 88' lang='lat' dir='ltr'><strong>uatus</strong></span> <span class='ocrx_word' id='word_1_153' title='bbox 1008 1742 1062 1803; x_wconf 84' lang='lat' dir='ltr'><strong>fuit</strong></span> <span class='ocrx_word' id='word_1_154' title='bbox 1079 1762 1116 1818; x_wconf 69' lang='lat' dir='ltr'><strong>es</strong></span> 
     </span>
     <span class='ocr_line' id='line_1_17' title="bbox 48 1827 1152 1920; baseline 0.005 -28"><span class='ocrx_word' id='word_1_155' title='bbox 48 1836 171 1910; x_wconf 78' lang='lat' dir='ltr'><strong>suspicione</strong></span> <span class='ocrx_word' id='word_1_156' title='bbox 188 1839 332 1900; x_wconf 83' lang='lat' dir='ltr'><strong>Heinsiurn</strong></span> <span class='ocrx_word' id='word_1_157' title='bbox 351 1841 503 1920; x_wconf 88' lang='lat' dir='ltr'><strong>scripturas</strong></span> <span class='ocrx_word' id='word_1_158' title='bbox 521 1855 592 1917; x_wconf 87' lang='lat' dir='ltr'><strong>quas</strong></span> <span class='ocrx_word' id='word_1_159' title='bbox 617 1839 645 1896; x_wconf 92' lang='lat' dir='ltr'><strong>iu</strong></span> <span class='ocrx_word' id='word_1_160' title='bbox 668 1837 776 1896; x_wconf 86' lang='lat' dir='ltr'><strong>schedis</strong></span> <span class='ocrx_word' id='word_1_161' title='bbox 800 1837 883 1915; x_wconf 65' lang='lat' dir='ltr'><strong>parui</strong></span> <span class='ocrx_word' id='word_1_162' title='bbox 904 1839 1034 1898; x_wconf 81' lang='lat' dir='ltr'><strong>Vaticani</strong></span> <span class='ocrx_word' id='word_1_163' title='bbox 1052 1855 1116 1898; x_wconf 86' lang='lat' dir='ltr'><strong>essa</strong></span> <span class='ocrx_word' id='word_1_164' title='bbox 1148 1827 1152 1846; x_wconf 67' lang='lat'><strong>⁴</strong></span> 
     </span>
     <span class='ocr_line' id='line_1_18' title="bbox 47 1929 1115 2010; baseline 0.004 -22"><span class='ocrx_word' id='word_1_165' title='bbox 47 1931 177 2010; x_wconf 76' lang='lat' dir='ltr'><strong>pcncdprit</strong></span> <span class='ocrx_word' id='word_1_166' title='bbox 190 1932 261 1994; x_wconf 89' lang='lat' dir='ltr'><strong>ialso</strong></span> <span class='ocrx_word' id='word_1_167' title='bbox 277 1935 405 1994; x_wconf 70' lang='lat' dir='ltr'><strong>tdbnime</strong></span> <span class='ocrx_word' id='word_1_168' title='bbox 424 1929 495 1990; x_wconf 88' lang='lat' dir='ltr'><strong>libro</strong></span> <span class='ocrx_word' id='word_1_169' title='bbox 514 1932 559 1990; x_wconf 93' lang='lat' dir='ltr'><strong>illi·</strong></span> <span class='ocrx_word' id='word_1_170' title='bbox 574 1933 757 1990; x_wconf 86' lang='lat' dir='ltr'><strong>uetustissimo</strong></span> <span class='ocrx_word' id='word_1_171' title='bbox 773 1931 939 1991; x_wconf 82' lang='lat' dir='ltr'><strong>Carrinensi.</strong></span> <span class='ocrx_word' id='word_1_172' title='bbox 968 1931 1115 2010; x_wconf 80' lang='lat' dir='ltr'><strong>ignoscent</strong></span> 
     </span>
     <span class='ocr_line' id='line_1_19' title="bbox 48 2022 1114 2104; baseline 0.004 -26"><span class='ocrx_word' id='word_1_173' title='bbox 48 2022 117 2098; x_wconf 79' lang='lat' dir='ltr'><strong>mgni</strong></span> <span class='ocrx_word' id='word_1_174' title='bbox 138 2026 185 2084; x_wconf 93' lang='lat' dir='ltr'><strong>niri</strong></span> <span class='ocrx_word' id='word_1_175' title='bbox 208 2046 306 2088; x_wconf 86' lang='lat' dir='ltr'><strong>manes</strong></span> <span class='ocrx_word' id='word_1_176' title='bbox 324 2028 448 2086; x_wconf 83' lang='lat' dir='ltr'><strong>ueritatis</strong></span> <span class='ocrx_word' id='word_1_177' title='bbox 474 2025 572 2085; x_wconf 88' lang='lat' dir='ltr'><strong>audaci</strong></span> <span class='ocrx_word' id='word_1_178' title='bbox 594 2025 720 2084; x_wconf 77' lang='lat' dir='ltr'><strong>fortassis</strong></span> <span class='ocrx_word' id='word_1_179' title='bbox 742 2025 897 2099; x_wconf 86' lang='lat' dir='ltr'><strong>interdurn,</strong></span> <span class='ocrx_word' id='word_1_180' title='bbox 921 2032 952 2086; x_wconf 80' lang='lat' dir='ltr'><strong>ut</strong></span> <span class='ocrx_word' id='word_1_181' title='bbox 973 2025 1033 2103; x_wconf 86' lang='lat' dir='ltr'><strong>ipse</strong></span> <span class='ocrx_word' id='word_1_182' title='bbox 1051 2024 1114 2104; x_wconf 80' lang='lat' dir='ltr'><strong>fuit,</strong></span> 
     </span>
     <span class='ocr_line' id='line_1_20' title="bbox 49 2115 1115 2199; baseline 0.008 -30"><span class='ocrx_word' id='word_1_183' title='bbox 49 2115 138 2177; x_wconf 89' lang='lat' dir='ltr'><strong>candido</strong></span> <span class='ocrx_word' id='word_1_184' title='bbox 155 2128 244 2180; x_wconf 69' lang='lat' dir='ltr'><strong>umen</strong></span> <span class='ocrx_word' id='word_1_185' title='bbox 263 2120 431 2199; x_wconf 77' lang='lat' dir='ltr'><strong>indagaturi.</strong></span> <span class='ocrx_word' id='word_1_186' title='bbox 465 2120 542 2178; x_wconf 87' lang='lat' dir='ltr'><strong>Libri</strong></span> <span class='ocrx_word' id='word_1_187' title='bbox 556 2118 727 2178; x_wconf 89' lang='lat' dir='ltr'><strong>Cassiuensis</strong></span> <span class='ocrx_word' id='word_1_188' title='bbox 741 2118 764 2177; x_wconf 78' lang='lat' dir='ltr'><strong>di</strong></span> <span class='ocrx_word' id='word_1_189' title='bbox 779 2118 816 2177; x_wconf 88' lang='lat' dir='ltr'><strong>ab</strong></span> <span class='ocrx_word' id='word_1_190' title='bbox 829 2117 942 2176; x_wconf 91' lang='lat' dir='ltr'><strong>Heinsio</strong></span> <span class='ocrx_word' id='word_1_191' title='bbox 960 2117 1115 2196; x_wconf 88' lang='lat' dir='ltr'><strong>scripturae</strong></span> 
     </span>
     <span class='ocr_line' id='line_1_21' title="bbox 48 2207 1114 2294; baseline 0.009 -32"><span class='ocrx_word' id='word_1_192' title='bbox 48 2207 176 2284; x_wconf 88' lang='lat' dir='ltr'><strong>traduntur,</strong></span> <span class='ocrx_word' id='word_1_193' title='bbox 194 2225 294 2294; x_wconf 85' lang='lat' dir='ltr'><strong>estque</strong></span> <span class='ocrx_word' id='word_1_194' title='bbox 311 2215 335 2273; x_wconf 90' lang='lat' dir='ltr'><strong>is</strong></span> <span class='ocrx_word' id='word_1_195' title='bbox 353 2213 423 2273; x_wconf 91' lang='lat' dir='ltr'><strong>liber</strong></span> <span class='ocrx_word' id='word_1_196' title='bbox 440 2212 594 2272; x_wconf 82' lang='lat' dir='ltr'><strong>Peteniano</strong></span> <span class='ocrx_word' id='word_1_197' title='bbox 611 2221 705 2271; x_wconf 86' lang='lat' dir='ltr'><strong>aetate</strong></span> <span class='ocrx_word' id='word_1_198' title='bbox 723 2229 777 2289; x_wconf 87' lang='lat' dir='ltr'><strong>par</strong></span> <span class='ocrx_word' id='word_1_199' title='bbox 794 2219 844 2268; x_wconf 89' lang='lat' dir='ltr'><strong>ant</strong></span> <span class='ocrx_word' id='word_1_200' title='bbox 861 2210 1004 2288; x_wconf 87' lang='lat' dir='ltr'><strong>superior,</strong></span> <span class='ocrx_word' id='word_1_201' title='bbox 1025 2218 1114 2272; x_wconf 86' lang='lat' dir='ltr'><strong>toturn</strong></span> 
     </span>
     <span class='ocr_line' id='line_1_22' title="bbox 48 2302 1115 2383; baseline 0.001 -21"><span class='ocrx_word' id='word_1_202' title='bbox 48 2314 115 2380; x_wconf 73' lang='lat' dir='ltr'><strong>prope</strong></span> <span class='ocrx_word' id='word_1_203' title='bbox 125 2308 186 2366; x_wconf 85' lang='lat' dir='ltr'><strong>artis</strong></span> <span class='ocrx_word' id='word_1_204' title='bbox 199 2309 312 2367; x_wconf 85' lang='lat' dir='ltr'><strong>criticae</strong></span> <span class='ocrx_word' id='word_1_205' title='bbox 325 2308 355 2365; x_wconf 88' lang='lat' dir='ltr'><strong>iu</strong></span> <span class='ocrx_word' id='word_1_206' title='bbox 374 2305 429 2364; x_wconf 86' lang='lat' dir='ltr'><strong>hoc</strong></span> <span class='ocrx_word' id='word_1_207' title='bbox 442 2309 564 2366; x_wconf 82' lang='lat' dir='ltr'><strong>carmine</strong></span> <span class='ocrx_word' id='word_1_208' title='bbox 576 2306 720 2366; x_wconf 80' lang='lat' dir='ltr'><strong>discrimen</strong></span> <span class='ocrx_word' id='word_1_209' title='bbox 735 2313 861 2364; x_wconf 88' lang='lat' dir='ltr'><strong>uersatur</strong></span> <span class='ocrx_word' id='word_1_210' title='bbox 878 2303 907 2362; x_wconf 90' lang='lat' dir='ltr'><strong>io</strong></span> <span class='ocrx_word' id='word_1_211' title='bbox 926 2302 1115 2383; x_wconf 84' lang='lat' dir='ltr'><strong>expendendis</strong></span> 
     </span>
     <span class='ocr_line' id='line_1_23' title="bbox 48 2389 1116 2480; baseline 0.005 -27"><span class='ocrx_word' id='word_1_212' title='bbox 48 2389 255 2478; x_wconf 81' lang='lat' dir='ltr'><strong>iistastimouiis,</strong></span> <span class='ocrx_word' id='word_1_213' title='bbox 275 2417 350 2480; x_wconf 89' lang='lat' dir='ltr'><strong>quae</strong></span> <span class='ocrx_word' id='word_1_214' title='bbox 369 2397 502 2458; x_wconf 86' lang='lat' dir='ltr'><strong>differunt</strong></span> <span class='ocrx_word' id='word_1_215' title='bbox 520 2409 643 2474; x_wconf 87' lang='lat' dir='ltr'><strong>tautum,</strong></span> <span class='ocrx_word' id='word_1_216' title='bbox 661 2408 795 2478; x_wconf 85' lang='lat' dir='ltr'><strong>quantum</strong></span> <span class='ocrx_word' id='word_1_217' title='bbox 814 2397 958 2476; x_wconf 86' lang='lat' dir='ltr'><strong>intelliges,</strong></span> <span class='ocrx_word' id='word_1_218' title='bbox 994 2397 1116 2466; x_wconf 84' lang='lat' dir='ltr'><strong>Remota</strong></span> 
     </span>
     <span class='ocr_line' id='line_1_24' title="bbox 47 2482 1114 2573; baseline 0.004 -27"><span class='ocrx_word' id='word_1_219' title='bbox 47 2482 234 2568; x_wconf 68' lang='lat' dir='ltr'><strong>iterpolationis</strong></span> <span class='ocrx_word' id='word_1_220' title='bbox 245 2494 405 2573; x_wconf 83' lang='lat' dir='ltr'><strong>suspicione</strong></span> <span class='ocrx_word' id='word_1_221' title='bbox 415 2500 465 2551; x_wconf 88' lang='lat' dir='ltr'><strong>aut</strong></span> <span class='ocrx_word' id='word_1_222' title='bbox 475 2493 632 2572; x_wconf 86' lang='lat' dir='ltr'><strong>sequendos</strong></span> <span class='ocrx_word' id='word_1_223' title='bbox 649 2491 860 2551; x_wconf 87' lang='lat' dir='ltr'><strong>estVrsiuiauus</strong></span> <span class='ocrx_word' id='word_1_224' title='bbox 876 2491 1114 2570; x_wconf 83' lang='lat' dir='ltr'><strong>autPetsuiauus,</strong></span> 
     </span>
     <span class='ocr_line' id='line_1_25' title="bbox 46 2583 1115 2668; baseline 0.005 -27"><span class='ocrx_word' id='word_1_225' title='bbox 46 2583 117 2657; x_wconf 73' lang='lat' dir='ltr'><strong>tiqui</strong></span> <span class='ocrx_word' id='word_1_226' title='bbox 132 2585 203 2644; x_wconf 90' lang='lat' dir='ltr'><strong>illum</strong></span> <span class='ocrx_word' id='word_1_227' title='bbox 222 2586 377 2668; x_wconf 83' lang='lat' dir='ltr'><strong>praeferet,</strong></span> <span class='ocrx_word' id='word_1_228' title='bbox 397 2595 429 2647; x_wconf 89' lang='lat' dir='ltr'><strong>ut</strong></span> <span class='ocrx_word' id='word_1_229' title='bbox 447 2587 566 2666; x_wconf 88' lang='lat' dir='ltr'><strong>opinor,</strong></span> <span class='ocrx_word' id='word_1_230' title='bbox 586 2606 641 2646; x_wconf 90' lang='lat' dir='ltr'><strong>oon</strong></span> <span class='ocrx_word' id='word_1_231' title='bbox 660 2586 777 2646; x_wconf 91' lang='lat' dir='ltr'><strong>multum</strong></span> <span class='ocrx_word' id='word_1_232' title='bbox 796 2602 897 2645; x_wconf 69' lang='lat' dir='ltr'><strong>cauma</strong></span> <span class='ocrx_word' id='word_1_233' title='bbox 916 2583 1043 2661; x_wconf 85' lang='lat' dir='ltr'><strong>habebit,</strong></span> <span class='ocrx_word' id='word_1_234' title='bbox 1063 2605 1115 2646; x_wconf 89' lang='lat' dir='ltr'><strong>cur·</strong></span> 
     </span>
     <span class='ocr_line' id='line_1_26' title="bbox 47 2669 1115 2760; baseline 0.014 -36"><span class='ocrx_word' id='word_1_235' title='bbox 47 2669 138 2735; x_wconf 83' lang='lat' dir='ltr'><strong>alterum</strong></span> <span class='ocrx_word' id='word_1_236' title='bbox 150 2679 184 2737; x_wconf 90' lang='lat' dir='ltr'><strong>ad</strong></span> <span class='ocrx_word' id='word_1_237' title='bbox 199 2690 297 2760; x_wconf 84' lang='lat' dir='ltr'><strong>partes</strong></span> <span class='ocrx_word' id='word_1_238' title='bbox 316 2687 411 2739; x_wconf 79' lang='lat' dir='ltr'><strong>nocet.</strong></span> <span class='ocrx_word' id='word_1_239' title='bbox 436 2679 499 2758; x_wconf 81' lang='lat' dir='ltr'><strong>Ego</strong></span> <span class='ocrx_word' id='word_1_240' title='bbox 517 2682 595 2760; x_wconf 87' lang='lat' dir='ltr'><strong>quod</strong></span> <span class='ocrx_word' id='word_1_241' title='bbox 608 2680 766 2740; x_wconf 86' lang='lat' dir='ltr'><strong>faciendum</strong></span> <span class='ocrx_word' id='word_1_242' title='bbox 780 2697 841 2740; x_wconf 86' lang='lat' dir='ltr'><strong>esse</strong></span> <span class='ocrx_word' id='word_1_243' title='bbox 858 2678 924 2738; x_wconf 85' lang='lat' dir='ltr'><strong>milri</strong></span> <span class='ocrx_word' id='word_1_244' title='bbox 942 2680 1048 2758; x_wconf 87' lang='lat' dir='ltr'><strong>putaui,</strong></span> <span class='ocrx_word' id='word_1_245' title='bbox 1067 2698 1115 2740; x_wconf 87' lang='lat' dir='ltr'><strong>ra·</strong></span> 
     </span>
     <span class='ocr_line' id='line_1_27' title="bbox 45 2763 1115 2854; baseline 0.015 -36"><span class='ocrx_word' id='word_1_246' title='bbox 45 2763 124 2827; x_wconf 81' lang='lat' dir='ltr'><strong>nonen</strong></span> <span class='ocrx_word' id='word_1_247' title='bbox 141 2773 264 2834; x_wconf 87' lang='lat' dir='ltr'><strong>reddam.</strong></span> <span class='ocrx_word' id='word_1_248' title='bbox 302 2773 439 2833; x_wconf 86' lang='lat' dir='ltr'><strong>Videbam</strong></span> <span class='ocrx_word' id='word_1_249' title='bbox 462 2774 600 2854; x_wconf 87' lang='lat' dir='ltr'><strong>duplicem</strong></span> <span class='ocrx_word' id='word_1_250' title='bbox 624 2774 753 2834; x_wconf 90' lang='lat' dir='ltr'><strong>‘codicum</strong></span> <span class='ocrx_word' id='word_1_251' title='bbox 772 2773 958 2851; x_wconf 88' lang='lat' dir='ltr'><strong>antiquiorum</strong></span> <span class='ocrx_word' id='word_1_252' title='bbox 978 2791 1039 2834; x_wconf 86' lang='lat' dir='ltr'><strong>esse</strong></span> <span class='ocrx_word' id='word_1_253' title='bbox 1057 2773 1115 2834; x_wconf 90' lang='lat' dir='ltr'><strong>ori·</strong></span> 
     </span>
     <span class='ocr_line' id='line_1_28' title="bbox 45 2856 1114 2948; baseline -0.003 -18"><span class='ocrx_word' id='word_1_254' title='bbox 45 2856 130 2938; x_wconf 68' lang='lat' dir='ltr'><strong>prem,</strong></span> <span class='ocrx_word' id='word_1_255' title='bbox 146 2864 209 2926; x_wconf 85' lang='lat' dir='ltr'><strong>hinc</strong></span> <span class='ocrx_word' id='word_1_256' title='bbox 227 2868 412 2927; x_wconf 87' lang='lat' dir='ltr'><strong>Petauianum</strong></span> <span class='ocrx_word' id='word_1_257' title='bbox 424 2868 547 2948; x_wconf 87' lang='lat' dir='ltr'><strong>eiusque</strong></span> <span class='ocrx_word' id='word_1_258' title='bbox 565 2870 665 2929; x_wconf 87' lang='lat' dir='ltr'><strong>similes</strong></span> <span class='ocrx_word' id='word_1_259' title='bbox 681 2869 768 2928; x_wconf 90' lang='lat' dir='ltr'><strong>libros</strong></span> <span class='ocrx_word' id='word_1_260' title='bbox 786 2876 917 2926; x_wconf 86' lang='lat' dir='ltr'><strong>accurate</strong></span> <span class='ocrx_word' id='word_1_261' title='bbox 935 2885 1007 2946; x_wconf 87' lang='lat' dir='ltr'><strong>quus</strong></span> <span class='ocrx_word' id='word_1_262' title='bbox 1026 2885 1114 2927; x_wconf 88' lang='lat' dir='ltr'><strong>uoue-</strong></span> 
     </span>
     <span class='ocr_line' id='line_1_29' title="bbox 44 2959 1115 3040; baseline 0 -24"><span class='ocrx_word' id='word_1_263' title='bbox 44 2967 102 3030; x_wconf 68' lang='lat' dir='ltr'><strong>m,</strong></span> <span class='ocrx_word' id='word_1_264' title='bbox 118 2959 187 3020; x_wconf 90' lang='lat' dir='ltr'><strong>illinc</strong></span> <span class='ocrx_word' id='word_1_265' title='bbox 204 2961 401 3037; x_wconf 83' lang='lat' dir='ltr'><strong>llieldensenr,</strong></span> <span class='ocrx_word' id='word_1_266' title='bbox 420 2960 613 3040; x_wconf 87' lang='lat' dir='ltr'><strong>Vrsiniauum‚</strong></span> <span class='ocrx_word' id='word_1_267' title='bbox 632 2960 879 3035; x_wconf 84' lang='lat' dir='ltr'><strong>Zulichemianum,</strong></span> <span class='ocrx_word' id='word_1_268' title='bbox 897 2959 1115 3026; x_wconf 81' lang='lat' dir='ltr'><strong>Muzariuiannrn</strong></span> 
     </span>
     <span class='ocr_line' id='line_1_30' title="bbox 44 3047 1116 3136; baseline -0.004 -20"><span class='ocrx_word' id='word_1_269' title='bbox 44 3059 72 3116; x_wconf 67' lang='lat'><strong>¹²2</strong></span> <span class='ocrx_word' id='word_1_270' title='bbox 87 3066 192 3125; x_wconf 79' lang='lat' dir='ltr'><strong>quornm</strong></span> <span class='ocrx_word' id='word_1_271' title='bbox 211 3047 320 3134; x_wconf 78' lang='lat' dir='ltr'><strong>primns</strong></span> <span class='ocrx_word' id='word_1_272' title='bbox 338 3070 394 3133; x_wconf 89' lang='lat' dir='ltr'><strong>qua</strong></span> <span class='ocrx_word' id='word_1_273' title='bbox 412 3064 493 3132; x_wconf 87' lang='lat' dir='ltr'><strong>parte</strong></span> <span class='ocrx_word' id='word_1_274' title='bbox 510 3066 655 3136; x_wconf 83' lang='lat' dir='ltr'><strong>superest,</strong></span> <span class='ocrx_word' id='word_1_275' title='bbox 678 3073 736 3114; x_wconf 91' lang='lat' dir='ltr'><strong>non</strong></span> <span class='ocrx_word' id='word_1_276' title='bbox 755 3052 913 3112; x_wconf 85' lang='lat' dir='ltr'><strong>difficillime</strong></span> <span class='ocrx_word' id='word_1_277' title='bbox 931 3054 1116 3112; x_wconf 89' lang='lat' dir='ltr'><strong>conueniebat</strong></span> 
     </span>
     <span class='ocr_line' id='line_1_31' title="bbox 44 3141 1115 3229; baseline 0.007 -29"><span class='ocrx_word' id='word_1_278' title='bbox 44 3141 258 3226; x_wconf 70' lang='lat' dir='ltr'><strong>escensana,</strong></span> <span class='ocrx_word' id='word_1_279' title='bbox 277 3147 446 3226; x_wconf 85' lang='lat' dir='ltr'><strong>reliquorum</strong></span> <span class='ocrx_word' id='word_1_280' title='bbox 464 3167 556 3229; x_wconf 90' lang='lat' dir='ltr'><strong>neque</strong></span> <span class='ocrx_word' id='word_1_281' title='bbox 573 3151 658 3210; x_wconf 88' lang='lat' dir='ltr'><strong>dubia</strong></span> <span class='ocrx_word' id='word_1_282' title='bbox 677 3156 738 3208; x_wconf 88' lang='lat' dir='ltr'><strong>erat</strong></span> <span class='ocrx_word' id='word_1_283' title='bbox 755 3147 884 3225; x_wconf 81' lang='lat' dir='ltr'><strong>cognatio</strong></span> <span class='ocrx_word' id='word_1_284' title='bbox 903 3165 967 3206; x_wconf 88' lang='lat' dir='ltr'><strong>curu</strong></span> <span class='ocrx_word' id='word_1_285' title='bbox 984 3145 1115 3206; x_wconf 83' lang='lat' dir='ltr'><strong>llfeiden·</strong></span> 
     </span>
     <span class='ocr_line' id='line_1_32' title="bbox 44 3229 1116 3319; baseline 0.001 -22"><span class='ocrx_word' id='word_1_286' title='bbox 44 3229 74 3304; x_wconf 69' lang='grc' dir='ltr'><strong>ῑὶ,</strong></span> <span class='ocrx_word' id='word_1_287' title='bbox 93 3253 176 3316; x_wconf 86' lang='lat' dir='ltr'><strong>neque</strong></span> <span class='ocrx_word' id='word_1_288' title='bbox 194 3240 334 3301; x_wconf 88' lang='lat' dir='ltr'><strong>discordia</strong></span> <span class='ocrx_word' id='word_1_289' title='bbox 352 3259 415 3300; x_wconf 86' lang='lat' dir='ltr'><strong>cum</strong></span> <span class='ocrx_word' id='word_1_290' title='bbox 434 3241 598 3303; x_wconf 84' lang='lat' dir='ltr'><strong>Petauisno.</strong></span> <span class='ocrx_word' id='word_1_291' title='bbox 636 3239 916 3299; x_wconf 88' lang='lat' dir='ltr'><strong>Zulichemisnns</strong></span> <span class='ocrx_word' id='word_1_292' title='bbox 934 3240 1012 3312; x_wconf 83' lang='lat' dir='ltr'><strong>liber,</strong></span> <span class='ocrx_word' id='word_1_293' title='bbox 1031 3257 1116 3319; x_wconf 86' lang='lat' dir='ltr'><strong>quern</strong></span> 
     </span>
     <span class='ocr_line' id='line_1_33' title="bbox 44 3323 1116 3413; baseline 0.003 -22"><span class='ocrx_word' id='word_1_294' title='bbox 44 3323 161 3391; x_wconf 66' lang='lat' dir='ltr'><strong>instem</strong></span> <span class='ocrx_word' id='word_1_295' title='bbox 178 3334 270 3411; x_wconf 83' lang='lat' dir='ltr'><strong>soleo,</strong></span> <span class='ocrx_word' id='word_1_296' title='bbox 289 3335 312 3393; x_wconf 88' lang='lat' dir='ltr'><strong>is</strong></span> <span class='ocrx_word' id='word_1_297' title='bbox 331 3341 384 3409; x_wconf 88' lang='lat' dir='ltr'><strong>est,</strong></span> <span class='ocrx_word' id='word_1_298' title='bbox 401 3333 438 3392; x_wconf 88' lang='lat' dir='ltr'><strong>do</strong></span> <span class='ocrx_word' id='word_1_299' title='bbox 455 3353 511 3412; x_wconf 89' lang='lat' dir='ltr'><strong>quu</strong></span> <span class='ocrx_word' id='word_1_300' title='bbox 526 3334 654 3394; x_wconf 85' lang='lat' dir='ltr'><strong>Heinsius</strong></span> <span class='ocrx_word' id='word_1_301' title='bbox 673 3334 701 3390; x_wconf 94' lang='lat' dir='ltr'><strong>in</strong></span> <span class='ocrx_word' id='word_1_302' title='bbox 720 3331 782 3410; x_wconf 84' lang='lat' dir='ltr'><strong>syll.</strong></span> <span class='ocrx_word' id='word_1_303' title='bbox 797 3349 864 3411; x_wconf 86' lang='lat' dir='ltr'><strong>epp.</strong></span> <span class='ocrx_word' id='word_1_304' title='bbox 878 3336 909 3410; x_wconf 88' lang='grc'><strong>3,</strong></span> <span class='ocrx_word' id='word_1_305' title='bbox 928 3352 958 3413; x_wconf 92' lang='lat' dir='ltr'><strong>p.</strong></span> <span class='ocrx_word' id='word_1_306' title='bbox 968 3336 1040 3392; x_wconf 71' lang='lat'><strong>3732</strong></span> <span class='ocrx_word' id='word_1_307' title='bbox 1059 3331 1116 3394; x_wconf 77' lang='lat' dir='ltr'><strong>Sed</strong></span> 
     </span>
     <span class='ocr_line' id='line_1_34' title="bbox 43 3411 1184 3507; baseline 0.004 -23"><span class='ocrx_word' id='word_1_308' title='bbox 43 3411 107 3478; x_wconf 78' lang='lat' dir='ltr'><strong>lau!</strong></span> <span class='ocrx_word' id='word_1_309' title='bbox 121 3427 213 3488; x_wconf 64' lang='lat' dir='ltr'><strong>unsri</strong></span> <span class='ocrx_word' id='word_1_310' title='bbox 231 3426 331 3487; x_wconf 76' lang='lat' dir='ltr'><strong>illidetur</strong></span> <span class='ocrx_word' id='word_1_311' title='bbox 349 3433 414 3486; x_wconf 76' lang='lat' dir='ltr'><strong>curs</strong></span> <span class='ocrx_word' id='word_1_312' title='bbox 431 3445 536 3507; x_wconf 84' lang='lat' dir='ltr'><strong>paucos</strong></span> <span class='ocrx_word' id='word_1_313' title='bbox 553 3427 613 3488; x_wconf 81' lang='lat' dir='ltr'><strong>diss</strong></span> <span class='ocrx_word' id='word_1_314' title='bbox 630 3425 723 3501; x_wconf 70' lang='lat' dir='ltr'><strong>fustus</strong></span> <span class='ocrx_word' id='word_1_315' title='bbox 744 3425 901 3487; x_wconf 71' lang='lat' dir='ltr'><strong>Ouidium</strong></span> <span class='ocrx_word' id='word_1_316' title='bbox 918 3446 980 3488; x_wconf 87' lang='lat' dir='ltr'><strong>curu</strong></span> <span class='ocrx_word' id='word_1_317' title='bbox 996 3429 1115 3488; x_wconf 65' lang='lat' dir='ltr'><strong>oswui-</strong></span> <span class='ocrx_word' id='word_1_318' title='bbox 1178 3483 1184 3494; x_wconf 87' lang='lat'><strong>,</strong></span> 
     </span>
     <span class='ocr_line' id='line_1_35' title="bbox 41 3516 1138 3602; baseline -0.001 -22"><span class='ocrx_word' id='word_1_319' title='bbox 41 3523 75 3568; x_wconf 66' lang='grc' dir='ltr'><strong>*Μ</strong></span> <span class='ocrx_word' id='word_1_320' title='bbox 90 3516 173 3580; x_wconf 81' lang='lat' dir='ltr'><strong>radius</strong></span> <span class='ocrx_word' id='word_1_321' title='bbox 193 3524 270 3582; x_wconf 74' lang='lat' dir='ltr'><strong>sniis</strong></span> <span class='ocrx_word' id='word_1_322' title='bbox 288 3527 418 3584; x_wconf 66' lang='lat' dir='ltr'><strong>aaran</strong></span> <span class='ocrx_word' id='word_1_323' title='bbox 436 3521 563 3580; x_wconf 73' lang='lat' dir='ltr'><strong>collum.</strong></span> <span class='ocrx_word' id='word_1_324' title='bbox 601 3523 724 3580; x_wconf 77' lang='lat' dir='ltr'><strong>Manum</strong></span> <span class='ocrx_word' id='word_1_325' title='bbox 742 3519 958 3582; x_wconf 69' lang='lat' dir='ltr'><strong>ulcerasse</strong></span> <span class='ocrx_word' id='word_1_326' title='bbox 976 3519 1118 3598; x_wconf 52' lang='lat' dir='ltr'><strong>comosa,</strong></span> <span class='ocrx_word' id='word_1_327' title='bbox 1127 3593 1138 3602; x_wconf 5' lang='grc' dir='ltr'><strong>,ἵ</strong></span> 
     </span>
     <span class='ocr_line' id='line_1_36' title="bbox 42 3613 1163 3694; baseline 0.001 -23"><span class='ocrx_word' id='word_1_328' title='bbox 42 3617 78 3662; x_wconf 80' lang='lat' dir='ltr'><strong>nu</strong></span> <span class='ocrx_word' id='word_1_329' title='bbox 91 3614 156 3671; x_wconf 59' lang='lat' dir='ltr'><strong>eurr</strong></span> <span class='ocrx_word' id='word_1_330' title='bbox 174 3622 217 3674; x_wconf 77' lang='lat' dir='ltr'><strong>est</strong></span> <span class='ocrx_word' id='word_1_331' title='bbox 234 3617 338 3694; x_wconf 79' lang='lat' dir='ltr'><strong>Lipsii.</strong></span> <span class='ocrx_word' id='word_1_332' title='bbox 377 3619 475 3694; x_wconf 78' lang='lat' dir='ltr'><strong>Ipsum</strong></span> <span class='ocrx_word' id='word_1_333' title='bbox 493 3613 610 3675; x_wconf 62' lang='lat' dir='ltr'><strong>roduam</strong></span> <span class='ocrx_word' id='word_1_334' title='bbox 628 3613 749 3689; x_wconf 81' lang='lat' dir='ltr'><strong>irtdiprris</strong></span> <span class='ocrx_word' id='word_1_335' title='bbox 772 3613 861 3673; x_wconf 84' lang='lat' dir='ltr'><strong>modis</strong></span> <span class='ocrx_word' id='word_1_336' title='bbox 885 3615 974 3690; x_wconf 71' lang='lat' dir='ltr'><strong>tisim</strong></span> <span class='ocrx_word' id='word_1_337' title='bbox 990 3617 1117 3692; x_wconf 82' lang='lat' dir='ltr'><strong>interpo-</strong></span> <span class='ocrx_word' id='word_1_338' title='bbox 1157 3683 1163 3694; x_wconf 30' lang='grc' dir='ltr'><strong><em>Ι</em></strong></span> 
     </span>
     <span class='ocr_line' id='line_1_37' title="bbox 41 3689 1117 3788; baseline 0.004 -26"><span class='ocrx_word' id='word_1_339' title='bbox 41 3689 111 3762; x_wconf 71' lang='lat' dir='ltr'><strong>lelna</strong></span> <span class='ocrx_word' id='word_1_340' title='bbox 126 3703 207 3780; x_wconf 67' lang='lat' dir='ltr'><strong>fidus</strong></span> <span class='ocrx_word' id='word_1_341' title='bbox 225 3708 300 3784; x_wconf 76' lang='lat' dir='ltr'><strong>fucit</strong></span> <span class='ocrx_word' id='word_1_342' title='bbox 318 3708 443 3781; x_wconf 69' lang='lat' dir='ltr'><strong>raihtos,</strong></span> <span class='ocrx_word' id='word_1_343' title='bbox 463 3712 510 3788; x_wconf 82' lang='lat' dir='ltr'><strong>qui</strong></span> <span class='ocrx_word' id='word_1_344' title='bbox 523 3709 631 3786; x_wconf 80' lang='lat' dir='ltr'><strong>possim</strong></span> <span class='ocrx_word' id='word_1_345' title='bbox 644 3713 733 3766; x_wconf 67' lang='lat' dir='ltr'><strong>auam</strong></span> <span class='ocrx_word' id='word_1_346' title='bbox 746 3725 797 3766; x_wconf 84' lang='lat' dir='ltr'><strong>suo</strong></span> <span class='ocrx_word' id='word_1_347' title='bbox 812 3705 871 3767; x_wconf 84' lang='lat' dir='ltr'><strong>loco</strong></span> <span class='ocrx_word' id='word_1_348' title='bbox 887 3715 1003 3768; x_wconf 69' lang='lat' dir='ltr'><strong>mutarn</strong></span> <span class='ocrx_word' id='word_1_349' title='bbox 1018 3707 1117 3767; x_wconf 70' lang='lat' dir='ltr'><strong>katin-</strong></span> 
     </span>
     <span class='ocr_line' id='line_1_38' title="bbox 41 3796 1117 3879; baseline -0.002 -19"><span class='ocrx_word' id='word_1_350' title='bbox 41 3803 87 3849; x_wconf 60' lang='grc' dir='ltr'>Μ</span> <span class='ocrx_word' id='word_1_351' title='bbox 101 3796 185 3869; x_wconf 69' lang='lat' dir='ltr'><strong>[aas</strong></span> <span class='ocrx_word' id='word_1_352' title='bbox 204 3801 348 3874; x_wconf 70' lang='lat' dir='ltr'><strong>sirmam,</strong></span> <span class='ocrx_word' id='word_1_353' title='bbox 366 3821 425 3862; x_wconf 85' lang='lat' dir='ltr'><strong>oon</strong></span> <span class='ocrx_word' id='word_1_354' title='bbox 443 3810 535 3864; x_wconf 82' lang='lat' dir='ltr'><strong>lumen</strong></span> <span class='ocrx_word' id='word_1_355' title='bbox 551 3801 581 3861; x_wconf 88' lang='lat' dir='ltr'><strong>id</strong></span> <span class='ocrx_word' id='word_1_356' title='bbox 600 3807 659 3860; x_wconf 80' lang='lat' dir='ltr'><strong>rum</strong></span> <span class='ocrx_word' id='word_1_357' title='bbox 675 3802 865 3879; x_wconf 78' lang='lat' dir='ltr'><strong>pertiuuoilor,</strong></span> <span class='ocrx_word' id='word_1_358' title='bbox 884 3808 917 3860; x_wconf 79' lang='lat' dir='ltr'><strong>ut</strong></span> <span class='ocrx_word' id='word_1_359' title='bbox 936 3819 995 3860; x_wconf 82' lang='lat' dir='ltr'><strong>uos</strong></span> <span class='ocrx_word' id='word_1_360' title='bbox 1012 3799 1117 3860; x_wconf 85' lang='lat' dir='ltr'><strong>multus</strong></span> 
     </span>
     <span class='ocr_line' id='line_1_39' title="bbox 40 3875 1117 3975; baseline 0.002 -23"><span class='ocrx_word' id='word_1_361' title='bbox 40 3875 145 3952; x_wconf 61' lang='lat' dir='ltr'><strong>ltiliceos</strong></span> <span class='ocrx_word' id='word_1_362' title='bbox 161 3897 285 3974; x_wconf 76' lang='lat' dir='ltr'><strong>optimus</strong></span> <span class='ocrx_word' id='word_1_363' title='bbox 303 3899 456 3975; x_wconf 64' lang='lat' dir='ltr'><strong>sapasim</strong></span> <span class='ocrx_word' id='word_1_364' title='bbox 478 3913 549 3975; x_wconf 83' lang='lat' dir='ltr'><strong>quus</strong></span> <span class='ocrx_word' id='word_1_365' title='bbox 566 3902 658 3954; x_wconf 66' lang='lat' dir='ltr'><strong>mmet</strong></span> <span class='ocrx_word' id='word_1_366' title='bbox 675 3897 821 3974; x_wconf 59' lang='lat' dir='ltr'><strong>potarum</strong></span> <span class='ocrx_word' id='word_1_367' title='bbox 838 3910 875 3954; x_wconf 76' lang='lat' dir='ltr'><strong>aa</strong></span> <span class='ocrx_word' id='word_1_368' title='bbox 891 3901 973 3974; x_wconf 79' lang='lat' dir='ltr'><strong>ports</strong></span> <span class='ocrx_word' id='word_1_369' title='bbox 990 3896 1049 3958; x_wconf 83' lang='lat' dir='ltr'><strong>inm</strong></span> <span class='ocrx_word' id='word_1_370' title='bbox 1068 3910 1117 3954; x_wconf 86' lang='lat' dir='ltr'><strong>oo·</strong></span> 
     </span>
     <span class='ocr_line' id='line_1_40' title="bbox 40 3987 1117 4070; baseline -0.009 -16"><span class='ocrx_word' id='word_1_371' title='bbox 40 3987 136 4055; x_wconf 60' lang='lat' dir='ltr'><strong>Hmi,</strong></span> <span class='ocrx_word' id='word_1_372' title='bbox 159 3998 297 4065; x_wconf 68' lang='lat' dir='ltr'><strong>maurum</strong></span> <span class='ocrx_word' id='word_1_373' title='bbox 314 3995 404 4068; x_wconf 77' lang='lat' dir='ltr'><strong>priato</strong></span> <span class='ocrx_word' id='word_1_374' title='bbox 427 3997 540 4067; x_wconf 70' lang='lat' dir='ltr'><strong>nspsdu</strong></span> <span class='ocrx_word' id='word_1_375' title='bbox 558 3990 700 4070; x_wconf 77' lang='lat' dir='ltr'><strong>apperuit.</strong></span> <span class='ocrx_word' id='word_1_376' title='bbox 738 3988 832 4067; x_wconf 89' lang='lat' dir='ltr'><strong>lpsum</strong></span> <span class='ocrx_word' id='word_1_377' title='bbox 850 3987 992 4067; x_wconf 81' lang='lat' dir='ltr'><strong>exemplar</strong></span> <span class='ocrx_word' id='word_1_378' title='bbox 1010 3987 1040 4046; x_wconf 93' lang='lat' dir='ltr'><strong>in</strong></span> <span class='ocrx_word' id='word_1_379' title='bbox 1059 4002 1117 4064; x_wconf 84' lang='lat' dir='ltr'><strong>quo</strong></span> 
     </span>
    </p>
   </div>
   <div class='ocr_carea' id='block_1_3' title="bbox 40 4070 1250 4164">
    <p class='ocr_par' dir='ltr' id='par_1_3' title="bbox 40 4070 1250 4164">
     <span class='ocr_line' id='line_1_41' title="bbox 40 4070 1250 4164; baseline 0.005 -32"><span class='ocrx_word' id='word_1_380' title='bbox 40 4071 131 4138; x_wconf 81' lang='lat' dir='ltr'><strong>ulrnu</strong></span> <span class='ocrx_word' id='word_1_381' title='bbox 153 4082 282 4144; x_wconf 90' lang='lat' dir='ltr'><strong>instituta</strong></span> <span class='ocrx_word' id='word_1_382' title='bbox 305 4070 376 4162; x_wconf 72' lang='lat' dir='ltr'><strong>suit,</strong></span> <span class='ocrx_word' id='word_1_383' title='bbox 401 4083 476 4142; x_wconf 89' lang='lat' dir='ltr'><strong>domi</strong></span> <span class='ocrx_word' id='word_1_384' title='bbox 496 4085 614 4164; x_wconf 84' lang='lat' dir='ltr'><strong>Hugcnii</strong></span> <span class='ocrx_word' id='word_1_385' title='bbox 637 4075 656 4142; x_wconf 81' lang='lat' dir='ltr'><strong>a</strong></span> <span class='ocrx_word' id='word_1_386' title='bbox 680 4081 842 4160; x_wconf 76' lang='lat' dir='ltr'><strong>Zuyliclrem</strong></span> <span class='ocrx_word' id='word_1_387' title='bbox 867 4079 943 4140; x_wconf 90' lang='lat' dir='ltr'><strong>docti</strong></span> <span class='ocrx_word' id='word_1_388' title='bbox 967 4076 1117 4138; x_wconf 69' lang='lat' dir='ltr'><strong>mmonnmi</strong></span> <span class='ocrx_word' id='word_1_389' title='bbox 1247 4149 1250 4154; x_wconf 28' lang='grc' dir='ltr'>Ι</span> 
     </span>
    </p>
   </div>
   <div class='ocr_carea' id='block_1_4' title="bbox 39 4157 1212 4258">
    <p class='ocr_par' dir='ltr' id='par_1_4' title="bbox 39 4157 1212 4258">
     <span class='ocr_line' id='line_1_42' title="bbox 39 4157 1212 4258; baseline 0 -28"><span class='ocrx_word' id='word_1_390' title='bbox 39 4157 121 4230; x_wconf 69' lang='lat' dir='ltr'><strong>Betui</strong></span> <span class='ocrx_word' id='word_1_391' title='bbox 138 4175 174 4235; x_wconf 80' lang='lat' dir='ltr'><strong>ab</strong></span> <span class='ocrx_word' id='word_1_392' title='bbox 195 4178 311 4240; x_wconf 84' lang='lat' dir='ltr'><strong>Heinsio</strong></span> <span class='ocrx_word' id='word_1_393' title='bbox 330 4180 488 4248; x_wconf 86' lang='lat' dir='ltr'><strong>inuentum,</strong></span> <span class='ocrx_word' id='word_1_394' title='bbox 507 4195 564 4238; x_wconf 91' lang='lat' dir='ltr'><strong>non</strong></span> <span class='ocrx_word' id='word_1_395' title='bbox 582 4177 656 4255; x_wconf 91' lang='lat' dir='ltr'><strong>uidi,</strong></span> <span class='ocrx_word' id='word_1_396' title='bbox 677 4195 743 4254; x_wconf 89' lang='lat' dir='ltr'><strong>nec,</strong></span> <span class='ocrx_word' id='word_1_397' title='bbox 761 4175 786 4236; x_wconf 88' lang='lat' dir='ltr'><strong>si</strong></span> <span class='ocrx_word' id='word_1_398' title='bbox 805 4172 946 4258; x_wconf 72' lang='lat' dir='ltr'><strong>domem,</strong></span> <span class='ocrx_word' id='word_1_399' title='bbox 963 4172 1115 4253; x_wconf 64' lang='lat' dir='ltr'><strong>potum</strong></span> <span class='ocrx_word' id='word_1_400' title='bbox 1206 4175 1212 4182; x_wconf 87' lang='lat'>&#39;</span> 
     </span>
    </p>
   </div>
   <div class='ocr_carea' id='block_1_5' title="bbox 0 0 1326 4674">
    <p class='ocr_par' dir='ltr' id='par_1_5' title="bbox 0 0 1326 4674">
     <span class='ocr_line' id='line_1_43' title="bbox 0 0 1326 4674; baseline 0 1"><span class='ocrx_word' id='word_1_401' title='bbox 0 0 1326 4674; x_wconf 95' lang='lat' dir='ltr'><strong> </strong></span> 
     </span>
    </p>
   </div>
  </div>
 </body>
</html>
