2636 4678
188 315 223 362 vl
620 314 693 358 ntus
705 309 864 359 'naulum

117 472 119 481 ’
187 483 261 547 quae
275 465 311 526 de
327 465 441 526 Tiberio
460 465 515 523 Dio
533 463 617 522 tradit
636 465 686 540 58,
699 463 753 521 21:
774 457 899 542 σφόδρα
916 457 976 542 γὰρ
998 459 1138 540 ἐπιμελὲς
1156 459 1286 524 ίιτοιεῒτο

189 551 237 619 ἀεί
257 559 340 640 σφᾶς
359 546 465 628 ὅσιίιιις
492 549 531 617 dv
551 551 602 615 καί
621 548 748 636 καθήκῃ
768 550 916 632 συνιίναι,
941 551 991 615 uui
1011 549 1087 633 μήτ’
1107 550 1288 634 ὀψιαίτερον

190 643 332 712 ἀπαντᾶν
350 652 406 711 τοῦ
425 646 618 729 τεταγμένου,
638 643 716 727 μήτε
736 645 937 728 πρωιαίτερον
956 643 1224 710 ἀπαλλάττεσθαι.
1259 651 1288 708 ld

190 765 259 806 nero
278 756 387 822 tempus
413 763 431 803 e
455 746 544 822 primo
567 763 651 802 mane
673 742 759 804 fuisse
783 744 892 803 uidetur
915 733 1066 801 secundum'
1084 744 1205 804 Dionem
1227 743 1288 802 eod.

189 840 238 899 lib.
259 845 332 914 oto
352 833 404 896 καί
423 830 543 912 ἀναβὰς
563 828 629 911 ἅμα
649 837 688 917 τῇ
709 830 748 919 t'p
768 833 799 906 ίς
818 831 854 896 τὸ
874 829 1037 894 notasses·
1059 834 1114 912 τῆς
1132 829 1192 914 γὰρ
1211 838 1290 911 βοο-

190 931 248 1009 λῆξ
272 927 349 1008 ίδρα
375 926 407 989 ἓν
433 929 477 1012 τῷ
494 924 712 1012 ’Λαολλωνιίῳ
732 925 920 1010 γενήσεσθαι
940 921 1062 1004 ἔμελλεν
1086 958 1127 972 -
1148 939 1178 988 et
1197 949 1225 987 c.
1240 935 1288 987 ll:

191 1015 228 1085 ὃν
246 1019 306 1105 γὰρ
326 1016 504 1104 (πρότερον,
523 1025 597 1081 omni
616 1026 752 1102 superiori
771 1025 908 1103 tempore)
929 1021 968 1102 τῇ
988 1013 1027 1100 ίῳ
1047 1015 1159 1091 πάντες
1179 1012 1223 1091 ὥς
1242 1018 1289 1080 καί

191 1113 318 1194 κρείττω
338 1115 425 1196 σφῶν
445 1110 520 1176 ὄντα
540 1112 573 1185 ἐς
592 1111 626 1175 τὸ
646 1111 866 1195 βουλευτήριον
886 1110 1091 1194 παρέπεμψαν
1111 1145 1160 1174 -.
1187 1115 1290 1173 Moneo

191 1209 247 1270 hue
271 1211 308 1270 de
331 1210 508 1288 intelligendu
535 1210 632 1292 καιρῷ
658 1231 734 1268 nune
753 1213 838 1290 ipsius
857 1211 953 1268 Dionis
979 1225 1080 1282 causa,
1106 1208 1182 1287 apud
1210 1225 1290 1286 quern

192 1305 318 1382 proxime
343 1313 409 1362 aute
433 1302 480 1360 illa
498 1307 548 1378 58,
568 1311 602 1363 21
632 1306 747 1382 legitur:
775 1298 857 1363 ἀλλὰ
876 1299 914 1376 τοί
934 1321 966 1361 τι
985 1293 1063 1359 ἄλλα
1083 1297 1134 1358 καί
1151 1291 1172 1377 ἦ
1191 1293 1291 1377 βουλὴ

193 1391 245 1454 καί
265 1390 334 1457 τότε
353 1389 403 1454 καί
423 1387 568 1472 συνήχθη
588 1393 640 1456 καί
660 1393 807 1474 ἐδίκασεν,
827 1397 902 1476 quod
922 1393 958 1453 de
976 1395 1096 1472 legitimo
1114 1405 1215 1453 senatu
1235 1411 1292 1453 esse

193 1487 401 1565 intelligendum
420 1490 481 1567 ipso
500 1491 559 1566 illa,
579 1510 651 1570 quae
673 1501 839 1572 sequuntur,
857 1491 969 1548 donent.
1002 1487 1086 1557 Quod
1105 1488 1189 1563 igitur
1209 1504 1292 1565 supe·

194 1581 259 1639 riori
276 1579 326 1640 illu
351 1581 412 1640 loeo
432 1584 484 1659 55,
504 1588 522 1640 3
543 1584 597 1643 Dio
616 1587 717 1644 dixisse
735 1585 862 1658 uidetur,
884 1583 939 1640 hoc
958 1590 1014 1652 est,
1034 1580 1192 1658 Augustum
1213 1596 1293 1637 sena·

195 1683 254 1732 tum
274 1674 423 1733 conuenire
444 1676 563 1735 uoluisse
580 1679 612 1736 iis
630 1677 744 1753 diebus,
762 1677 906 1736 dierumue
924 1675 1011 1750 horis,
1030 1675 1129 1753 quibus
1146 1671 1249 1732 indicia
1266 1673 1293 1729 in

194 1763 257 1824 ίοεο
277 1767 353 1825 nulla
372 1779 463 1827 essem
481 1770 618 1831 obeunda.
658 1771 738 1830 Aliud
764 1790 838 1831 nuuc
862 1772 1018 1843 mittamus,
1044 1776 1137 1826 utrum
1162 1785 1214 1825 sus
1238 1766 1294 1824 dies

147 1907 159 1938 ,
195 1857 235 1916 ita
254 1874 428 1938 eomparatur
448 1863 603 1942 inuenerit,
623 1884 676 1942 an,
695 1863 772 1944 quod
789 1865 843 1921 Die
861 1861 983 1920 indicare
1001 1859 1122 1935 uidetur,
1142 1860 1214 1919 tales
1232 1859 1294 1920 red·

195 1949 313 2012 diderit:
338 1952 522 2014 illuduntum
542 1968 595 2036 est,
617 1959 701 2037 diem,
712 1959 769 2040 ,qui
788 1957 887 2016 indicia
906 1974 961 2013 non
981 1954 1118 2028 admittat,
1136 1971 1198 2011 ense
1216 1952 1294 2012 nefa·

194 2051 284 2120 ntum,
312 2058 341 2106 et
365 2049 412 2126 qui
433 2069 519 2128 'mane
544 2060 653 2111 tanturn
679 2073 736 2112 nnn
754 2052 881 2110 admittat
899 2049 936 2107 de
954 2067 989 2107 eo
1007 2065 1110 2126 genere
1128 2064 1200 2122 esse,
1220 2046 1293 2126 qaod

65 2181 68 2188 .
197 2134 316 2197 Ouidius
336 2145 365 2217 l,
378 2145 419 2200 50
436 2142 626 2222 demonstrat,
645 2146 766 2204 nefastos
786 2145 892 2222 priores
905 2141 980 2202 desti
1003 2141 1189 2220 appellarunt
1221 2142 1294 2199 Fue·

197 2241 264 2290 runt
281 2232 364 2312 igitur
382 2235 410 2294 in
430 2238 544 2314 Augusti
562 2235 639 2297 saetis
653 2237 799 2297 Kalendae
818 2246 847 2296 et
865 2235 929 2294 ldus
948 2235 1068 2298 omaium
1087 2234 1222 2292 mensium
1238 2233 1294 2292 dier

198 2334 247 2382 aut
266 2325 381 2404 nefasti,
409 2338 458 2388 aut
481 2329 582 2388 nefasti
605 2333 721 2410 priores.
761 2333 823 2390 Huc
842 2349 897 2389 nnn
923 2336 966 2387 est
991 2329 1103 2406 insuper
1120 2327 1294 2389 habendum

198 2425 339 2476 caeterum
356 2420 452 2480 inutile
470 2434 513 2482 est
532 2442 675 2501 quaerere,
695 2443 762 2484 num
782 2425 828 2482 uni
847 2423 934 2490 cuiuis
952 2407 987 2480 ex
1006 2422 1057 2480 illis
1077 2420 1172 2479 diebus
1191 2423 1295 2498 αναίρ-

198 2519 258 2569 tum
276 2511 360 2570 fuerit
380 2513 465 2572 SEN.
486 2515 590 2590 Lau,
616 2518 662 2576 uel
689 2518 775 2577 simile
795 2518 877 2598 quid3
904 2516 1006 2574 otiosus
1030 2516 1127 2594 aliquis
1146 2514 1296 2592 quadrata·

197 2604 273 2680 rius,
299 2607 345 2664 uel
371 2609 494 2666 eaelator
518 2610 691 2686 ap'pinxerit,
715 2611 766 2670 sed
791 2620 933 2670 senatores
951 2609 1145 2684 meminerint,
1171 2607 1295 2687 adquae

199 2697 265 2775 quia
283 2700 356 2757 solos
375 2701 508 2778 pertinuit
527 2700 645 2761 Ouidius
664 2705 795 2782 neglexit.
835 2701 943 2764 Verum
964 2703 1035 2764 euim
1055 2719 1123 2760 nero
1140 2711 1224 2776 sunt,
1251 2700 1296 2778 qui

200 2791 282 2851 aliter
299 2791 436 2852 iudicent:
462 2795 626 2854 Suetonium
644 2816 707 2856 enm
727 2798 817 2856 Dione
837 2815 927 2874 neque
946 2815 1027 2875 posse
1045 2796 1190 2873 componi,
1208 2811 1297 2872 neque

200 2893 349 2963 oportere,
368 2896 527 2964 corruptum
549 2905 609 2945 esse
628 2889 704 2948 illum
725 2908 775 2968 per
793 2891 928 2961 librarios,
947 2892 994 2968 qui
1014 2891 1100 2948 uerba
1118 2888 1297 2947 Kulertdieet

200 2976 297 3041 tuum
314 2979 485 3055 addiderint,
512 2982 571 3039 eius
597 2981 636 3040 rei
655 2993 819 3059 argumento
839 2981 993 3062 essequod
1012 2963 1167 3062 inscriptis
1184 2983 1297 3059 quibus·

200 3070 266 3131 darn
284 3073 359 3132 libris
378 3071 488 3152 legatur
505 3074 607 3133 ια’ίίοοί
624 3075 763 3135 Kalendis
781 3083 807 3135 et
825 3077 885 3149 ld,
905 3077 968 3136 ldus
988 3095 1043 3134 non
1063 3078 1185 3156 putuisse
1204 3091 1298 3133 ornnes

200 3167 308 3223 senatui
328 3165 437 3245 agendo
455 3176 537 3245 aptos
557 3186 634 3244 esse,
653 3170 718 3246 quia
736 3170 797 3247 ipse
816 3171 880 3230 olim
900 3171 973 3230 inter
991 3170 1148 3227 triumuirm
1167 3167 1298 3228 Octauia-

201 3275 256 3317 nus
273 3257 389 3320 edixerit
408 3270 539 3319 narrante
555 3261 646 3322 Dione
664 3263 715 3338 47,
735 3265 791 3338 19,
810 3274 841 3322 nt
860 3264 926 3322 ldus
941 3263 1077 3340 Martiae,
1097 3265 1194 3340 quibus
1213 3276 1298 3339 nsque

201 3367 237 3410 eu
256 3360 385 3412 senatum
404 3354 500 3412 haberi
518 3355 634 3414 solenne
656 3354 770 3432 suisset,
795 3357 867 3414 inter
887 3365 962 3414 atros
980 3353 1040 3414 dies
1059 3359 1166 3432 essent;
1191 3355 1299 3415 Kalen·

202 3441 270 3518 deu,
296 3445 363 3521 quie
381 3446 507 3506 nefastae
525 3447 677 3527 pleraeque
696 3458 828 3510 notentur
853 3448 882 3506 in
908 3448 1061 3526 festorum,
1086 3467 1160 3526 quae
1184 3455 1298 3518 restent,

201 3535 372 3614 fregtnentis,
391 3539 505 3599 idoneus
524 3559 580 3600 nou
600 3541 702 3618 tuisse,
723 3543 812 3617 bunos,
831 3541 957 3604 sednon
976 3551 1061 3600 statos
1074 3543 1207 3618 cuiusque
1223 3557 1299 3602 rnen·

202 3627 240 3686 sis
258 3628 319 3688 dies
337 3633 491 3708 Augustum
510 3637 620 3694 senatui
640 3635 767 3695 habendo
787 3635 941 3696 destinasse
960 3649 1063 3713 eosque
1082 3646 1110 3692 et
1127 3635 1256 3694 debuisse
1273 3633 1298 3690 in

201 3719 280 3779 fastis
305 3726 457 3801 perscribi,
483 3737 512 3787 et
538 3729 706 3806 perscriptus
729 3738 825 3788 extare
849 3731 878 3787 in
903 3728 981 3786 fastis
1005 3727 1218 3803 llerrsartienis,
1242 3729 1299 3786 siue

202 3812 410 3892 Lumbecienis,
436 3822 594 3898 compositis
620 3822 783 3882 Οοοεεταῐίο
810 3823 981 3900 imperatore
1005 3823 1117 3880 anemio
1142 3831 1206 3898 post
1231 3820 1297 3878 Cirr.

203 3918 314 3985 quarto.
365 3912 407 3970 lta
438 3911 589 3994 disputauit
616 3915 671 3972 lae.
697 3914 864 3974 Vaasseuius
899 3912 1047 3974 Animadu.
1079 3915 1107 3972 in
1139 3913 1203 3972 lut.
1229 3930 1298 3972 saer.

203 4005 431 4082 padi-244,
455 4008 500 4064 eui
527 4009 674 4066 assentitur
692 4007 819 4068 Sturzius
845 4007 881 4067 ad
899 4005 982 4068 Dion.
1003 4007 1057 4064 loe.
1074 4005 1131 4066 ind.
1169 4007 1223 4067 Vix
1243 4005 1298 4067 ned

202 4094 322 4173 speeiem
341 4097 369 4152 in
388 4114 423 4154 ea
442 4098 572 4174 opinione
591 4118 720 4179 agnosse.
760 4101 867 4176 Vocula
885 4100 1026 4161 attensi
1045 4101 1073 4160 in
1092 4101 1233 4172 omnibus,
1261 4097 1298 4158 uti

202 4186 328 4267 reliqua,
344 4189 419 4252 libris
434 4201 524 4272 emet,
548 4194 607 4273 ipse
625 4193 775 4256 Suetonius
795 4197 835 4255 uti
852 4203 981 4278 poterat,
1001 4213 1065 4256 usus
1083 4197 1155 4258 euim
1174 4204 1216 4256 est
1234 4193 1298 4254 Oet.
