2642 4674
399 309 403 316 ·
469 308 512 369 23
533 319 577 370 ιιι
600 304 641 368 49
661 317 766 377 usone
1039 319 1174 373 vccxctu

144 474 196 549 ss,
211 471 261 536 oo.
290 473 342 550 es,
357 473 406 532 no.
438 471 610 534 retains
628 472 697 549 ouo,
715 473 816 553 quibos
834 467 942 531 asoetn
958 471 1068 550 ono,
1081 491 1171 552 ,quem
1263 448 1266 458 “

64 573 109 650 'to
126 569 192 630 iaci.
221 569 330 627 Horu'm
348 585 423 626 unae
436 570 557 644 optinm
570 573 662 638 noluo,
680 583 717 626 cn
730 567 851 645 optionis,
869 581 907 624 ea
924 564 1081 625 melioribus
1099 585 1171 628 ιιιιιι·

70 672 190 742 cupatur
208 661 323 738 &²543
336 659 410 736 6⁴53
424 663 497 720 78οι
518 662 588 720 alius
607 664 734 722 steorte
748 661 897 721 lintisoni
915 659 1002 717 luisse
1018 659 1120 718 dicitur
1140 665 1170 736 1,
1293 657 1295 670 '

70 761 136 840 336.
175 755 208 815 lo
233 755 361 831 catalogo
386 755 454 813 bibl.
473 753 537 815 Pet.
558 755 705 814 Tomasioi
726 756 802 812 1639
820 752 918 813 Ouidii
935 753 1070 814 lectorum
1089 751 1170 810 codi-

70 870 118 911 oes
135 859 317 909 recensentur
336 846 520 916 bibliothecae
544 849 649 908 ordinis
668 848 892 908 Eremitanorum
911 865 942 927 p.
957 849 996 906 76
1011 864 1045 920 a,
1069 845 1170 903 biblio·

70 944 170 1004 tltecae
188 942 232 1000 St.
252 941 362 1000 loannis
381 941 411 998 iu
430 941 562 1000 uiridan'o
582 945 662 1020 pso
677 943 706 1002 b.
744 941 959 1021 Aspanbemio
978 939 1075 998 Ouidii
1093 937 1170 998 cotii-

69 1057 117 1098 ces
134 1045 246 1096 notatos
271 1033 355 1093 uideo
380 1032 447 1092 bibl.
467 1032 620 1094 Patauinae
647 1025 830 1104 cathedralis,
856 1033 926 1093 bibl.
946 1033 990 1093 St.
1010 1031 1170 1106 Amoniiet

70 1134 98 1190 io
118 1148 216 1189 museo
235 1127 382 1186 Laurentii
400 1125 532 1204 Pignorii.
566 1128 641 1216 idem
661 1128 771 1188 Nicolai
790 1129 939 1188 Treuisani
957 1141 1082 1188 museum
1100 1143 1170 1183 con-

69 1226 242 1302 signauarat,
260 1220 310 1280 sed
329 1220 473 1280 Mantuae.

147 1319 284 1375 60-71.
324 1315 408 1373 Herc.
425 1313 562 1373 Ciolanus
580 1315 722 1374 codicibus
736 1333 768 1375 se
787 1289 865 1374 usum
885 1326 997 1395 praeter
1015 1316 1109 1373 seta
1127 1323 1170 1374 te·
1210 1363 1213 1370 .
1236 1390 1240 1398 Ι

69 1409 379 1472 staturunoexbibl.
398 1408 626 1482 Hafseorum,
647 1415 701 1486 303
725 1408 1169 1468 nooiratrisAntoniiCio·

69 1508 165 1582 lani,
186 1509 241 1579 313
271 1499 416 1562 Vaticanis
435 1514 516 1578 octo,
535 1523 653 1584 quorum
673 1506 810 1582 optimus,
827 1509 867 1562 32
885 1502 1015 1580 Angeli
1034 1501 1172 1562 Colotii

68 1603 155 1660 luisse
173 1599 277 1659 dicitur
295 1595 331 1654 ad
351 1599 380 1666 4,
399 1598 472 1656 467ι
499 1597 544 1657 hic
565 1599 674 1657 uidetur
691 1599 771 1657 innui
789 1617 807 1656 a
825 1597 945 1657 Cioinno
965 1599 1114 1668 2,199et
1132 1597 1173 1666 ab,

68 1694 185 1752 Heinsio
204 1692 322 1767 2,748,
348 1691 530 1768 quamobrem
557 1693 704 1770 utrobique
728 1711 779 1771 pro
799 1696 836 1751 33
857 1692 956 1750 uellem
974 1691 1102 1768 posuisse
1119 1696 1168 1750 33.

67 1789 191 1846 Dubium
210 1785 286 1844 enim
305 1803 362 1842 non
385 1795 446 1860 eet,
470 1786 537 1862 quin
561 1797 590 1844 et
608 1785 682 1844 huuc
699 1798 729 1846 et
747 1787 869 1865 reliquos
888 1785 1000 1844 Ciofani
1019 1785 1171 1844 vaticanos

67 1883 204 1954 38-39,
224 1897 343 1958 quotam
365 1878 421 1937 duo
440 1879 571 1938 desinunt
589 1879 618 1944 in'
636 1881 737 1939 librum
757 1883 892 1959 quintum,
911 1879 1004 1938 denuo
1022 1877 1169 1939 contulerit

66 1974 211 2047 Heinsius,
233 1973 290 2032 uid.
305 1993 372 2054 epp.
386 1974 423 2034 ad
435 1976 525 2042 Grau.
540 1993 570 2054 p.
581 1977 647 2047 300.
682 1977 726 2034 De
745 1975 852 2034 numeri
869 1979 909 2031 33
928 1991 978 2031 asu
1005 1991 1089 2051 quem
1112 1973 1169 2032 ieci

66 2069 132 2126 uide
149 2085 237 2146 sopra
256 2068 292 2126 ad
311 2071 360 2127 39.
379 2071 408 2128 8.
437 2069 586 2128 Caeterum
605 2071 715 2146 quoties
732 2087 805 2128 unus
821 2071 985 2137 Vaticanum,
1003 2083 1078 2124 outo
1093 2068 1167 2124 Fon-

66 2167 201 2222 necionus
224 2173 254 2220 et
277 2163 375 2221 similia
398 2162 474 2240 apud
495 2164 635 2222 Heinsium
659 2165 705 2221 uel
725 2163 873 2222 Ciosanurn
899 2163 1044 2238 leguntur,
1070 2161 1168 2238 scripsi

66 2259 235 2336 plerumque
253 2273 398 2314 numerum
413 2258 450 2314 ab
469 2259 573 2335 optimo
593 2258 653 2314 eius
672 2258 789 2315 nominis
807 2255 904 2314 codice
921 2252 1092 2338 proxirnum':
1112 2272 1168 2312 non

65 2353 151 2426 igitur
175 2368 250 2426 quiae
269 2351 367 2408 eodem
386 2351 576 2410 huiuscemodi
597 2368 712 2408 numero
732 2351 914 2428 insigniuntur
930 2347 959 2408 io
979 2347 1077 2408 eodem
1096 2347 1168 2407 libro

14 2499 18 2506 ,
65 2445 190 2506 extitisse
209 2444 330 2522 putabis.

145 2536 284 2596 72-75.
324 2538 463 2596 40-43.
494 2537 569 2597 inter
588 2519 704 2597 schedas
724 2539 830 2596 Heinsil
854 2528 1002 2597 lascicaln's
1021 2548 1064 2598 est
1082 2538 1167 2597 colla-

65 2633 175 2689 tionum
194 2649 291 2705 manu,
312 2641 342 2689 ut
361 2641 441 2709 puto,
461 2632 573 2691 lsaaci
592 2634 719 2694 Vossii.
758 2632 899 2692 Notantur
916 2627 1070 2712 scripturae
1088 2632 1167 2691 addi-

65 2729 101 2785 tis
122 2727 197 2802 siglis
219 2727 292 2800 VN,
315 2727 382 2800 uA,
405 2729 468 2784 Va.
508 2727 567 2784 Has
593 2745 659 2786 num
685 2738 761 2786 recte
779 2731 934 2806 putauerim
954 2729 1071 2786 duorum
1090 2725 1191 2786 cadi-¹

64 2838 131 2877 cum
151 2829 200 2876 aut
219 2817 432 2898 discrepantium
446 2831 495 2878 aut
509 2821 723 2898 conspirantium
739 2821 961 2900 retldideritnque
978 2823 1095 2900 primurn
1117 2839 1167 2878 nc·

65 2926 127 2972 tam
146 2915 204 2987 40,
230 2913 382 2970 secundam
400 2915 453 2983 41,
478 2916 587 2972 tertiam
607 2918 707 2990 4041,
732 2913 824 2974 adhuc
845 2919 947 2975 nescio.
986 2915 1045 2974 Sed
1064 2933 1098 2972 ea
1117 2933 1166 2971 ex·

64 3017 165 3086 carpta
186 3009 410 3084 transscripserat
427 3008 553 3066 Heinsius
566 3020 595 3067 et
608 3011 770 3068 adiunxerat
789 3011 938 3086 scripturas
957 3008 1091 3086 quasdam
1110 3008 1166 3082 syl·

64 3106 133 3162 laba
152 3105 214 3161 Nes
234 3111 360 3160 notatas:
386 3101 582 3178 bulsignani
602 3123 719 3162 numero
739 3107 787 3163 42.
825 3102 871 3162 De
890 3121 1005 3166 numero
1024 3105 1062 3160 43
1081 3117 1165 3180 supra

63 3198 103 3256 ad
125 3203 141 3254 1
162 3196 265 3254 ὥοιιιιιι
286 3205 337 3255 est.
358 3252 359 3256 ,
1179 3195 1182 3205 “

145 3293 194 3348 76.
234 3293 283 3348 44.
318 3289 411 3349 conec
436 3291 589 3351 asiniani
606 3290 772 3368 Rumpfii
798 3288 1035 3360 ntambronocans,
1060 3291 1088 3348 in
1112 3307 1165 3367 qtto

63 3389 127 3463 ipse
146 3383 255 3461 quidem
273 3390 367 3442 lenitus
384 3403 440 3444 non
459 3385 655 3457 continebatur,
674 3385 723 3445 scd
739 3383 818 3444 nardo
836 3390 944 3442 tonna
958 3387 1166 3459 salomoniacis,

62 3489 141 3537 teste
161 3479 283 3535 Heinsio.
324 3478 383 3538 Cl'r.
405 3499 471 3556 epp.
491 3480 528 3538 nd
547 3480 627 3538 Voss
647 3479 774 3556 pisid

147 3573 197 3629 77.
236 3571 286 3628 46.
316 3571 347 3628 ln
366 3573 534 3650 marginibus
553 3574 703 3632 editionum
717 3572 921 3631 Her'smanni
940 3591 1013 3663 quae
1030 3582 1165 3632 annotan-

63 3675 116 3722 tur
135 3662 191 3721 ltoc
211 3682 326 3722 numero
345 3663 476 3740 indicaui,
495 3686 547 3727 nec
566 3678 671 3742 tamen,
687 3667 710 3725 si
725 3668 849 3742 memini,
868 3670 969 3726 omnia.

146 3759 196 3816 78.
234 3757 284 3815 46.
313 3778 383 3817 nous
401 3758 632 3821 Basileensis
650 3762 753 3837 semel,
776 3771 912 3840 quantum
932 3763 1116 3836 meminerim,
1135 3765 1165 3838 3,

62 3853 128 3910 688
147 3864 390 3912 commemorator.

147 3947 195 4002 73.
233 3947 282 4004 47.
312 3945 454 4024 Excerpta
471 3947 644 4024 Scaligeri
663 3966 749 4027 saepe
768 3959 902 4028 usurpata
920 3958 985 4008 sont
1002 3951 1038 4008 ab
1054 3950 1165 4008 Heinsio

62 4049 201 4117 utroque.
241 4040 353 4098 Memini
372 4059 417 4098 me
436 4041 534 4098 librom
555 4040 666 4115 uidere,
690 4043 718 4099 in
738 4061 794 4120 quo
813 4042 937 4104 codicum
956 4046 1108 4123 scripturae
1127 4061 1163 4102 au

63 4133 247 4192 coniecturae
265 4145 418 4191 annotatae·
433 4134 500 4208 sint,
519 4153 573 4191 noo
594 4145 710 4194 constat.

187 4229 234 4285 48.
256 4228 304 4286 49.
334 4225 405 4287 Vide
422 4239 509 4304 supra
528 4229 565 4288 ad
585 4233 622 4298 10
639 4241 669 4288 et
687 4233 736 4291 28.
