2688 4680
98 353 103 360 .
138 268 141 276 “
225 283 315 335 con·
685 249 840 330 'nabars

100 441 102 454 '
222 449 290 498 rum
306 434 391 496 elisae
408 434 482 492 inter
500 431 612 493 uocales
634 435 663 492 V
677 433 788 494 litterae
806 428 1011 515 copiam'a'pnd
1027 435 1191 500 Schneider.
1207 457 1315 517 gramm

224 531 279 592 lat.
299 531 402 610 copies.
424 533 454 605 1,
471 533 501 604 1,
518 547 549 606 p.
564 529 633 605 361,
645 525 713 587 882.-
751 531 839 589 Soreoi
858 530 942 608 igitur
960 549 1063 591 nornen
1081 551 1118 592 ex
1136 532 1316 611 indigitamen·
1334 571 1335 576 κ

229 624 264 682 tis
282 623 449 683 Sabinorum
467 621 642 700 desumptum
666 621 790 681 existimo
814 631 844 681 et
866 623 1021 702 significare
1044 624 1130 685 deum
1154 626 1202 704 qui
1225 631 1335 705 sandi„

228 717 308 776 uelut
324 719 405 776 Aium
424 717 473 794 qui
491 717 548 791 ait,
574 715 709 793 Subignm
730 717 778 794 qui
796 716 906 793 subigit.
945 717 989 775 Ab
1014 719 1114 779 eodem
1140 721 1226 779 uerbo
1249 713 1335 781 dien

177 803 187 832 ‘
227 819 294 869 sunt
316 809 600 870 secundumFestum
619 828 650 889 p.
664 813 732 885 321,
745 815 782 868 21
798 809 851 868 rin.
870 812 1018 886 sagmina,
1042 814 1184 873 uerbenae
1205 833 1239 872 ex
1258 817 1335 875 local

227 911 324 964 sancto
342 903 535 984 decerpendae
558 923 578 964 o
596 903 719 974 5555515,
742 909 883 980 praeterr,
911 903 1010 982 legatis
1032 903 1261 982 proficiscentibus
1283 908 1335 968 od¹

225 999 327 1072 foedas
343 998 510 1073 sododem.
540 997 612 1056 Earn
631 999 667 1056 ob
687 1013 799 1056 cansam
818 1000 866 1075 qui
886 999 959 1057 uiam
978 997 1224 1076 proficiscebantur
1240 995 1335 1060 sarm

221 1091 350 1150 'licebant
368 1077 478 1170 Sanco,
502 1091 550 1170 qui
569 1091 688 1172 bospitio
706 1098 803 1148 saneta
820 1099 962 1166 seruaret,
983 1091 1039 1150 uid.
1058 1092 1137 1151 Fert.
1156 1110 1187 1171 p.
1202 1097 1267 1170 229,
1284 1102 1335 1154 12,

227 1186 280 1245 sin.
312 1185 428 1245 Scilicet
448 1196 566 1265 propter
583 1183 693 1262 hospitii
711 1183 919 1242 sanctimoniam
937 1183 982 1242 bic
999 1183 1069 1244 dens
1088 1200 1260 1246 consecratus
1280 1190 1320 1248 di·

219 1279 299 1337 ”citur
317 1297 335 1338 a
354 1280 529 1338 Tertulliano
547 1278 584 1338 fr.
604 1277 634 1340 5.
671 1277 799 1356 Denique
823 1277 851 1335 in
878 1275 962 1336 titulis
987 1279 1143 1356 ueteribns‚
1170 1300 1238 1360 quos
1257 1284 1319 1343 uide

227 1373 304 1450 apud
321 1374 486 1451 interpretes
497 1371 602 1448 Ouidii,
621 1371 704 1431 scribi
721 1371 793 1429 solet
805 1373 917 1430 Sonare
930 1372 1062 1448 Sanctis,
1082 1372 1159 1452 quod
1172 1375 1210 1432 ita
1222 1375 1321 1435 dictum

158 1469 161 1477 '
227 1476 271 1524 est
284 1467 320 1525 ad
339 1463 679 1544 exprimendam'nurninis
698 1466 765 1539 uim,
785 1475 817 1523 ut
828 1465 943 1522 Faunus
955 1463 1073 1542 Fatuus,
1093 1467 1173 1527 Anna
1184 1469 1321 1547 Perenna,

227 1561 295 1618 Aius
312 1559 463 1636 Locutius,
486 1559 579 1619 Mater
595 1561 720 1635 Matuta,
744 1557 870 1617 Fortuna
888 1558 969 1620 Fors.
1009 1559 1154 1619 Vetustam
1179 1563 1206 1619 in
1229 1563 1335 1623 Sanco,

226 1653 299 1712 banc
317 1671 378 1712 esse
395 1655 531 1713 rationem
552 1653 677 1712 docuerit
694 1653 862 1729 Augustinus
881 1671 906 1712 c.
928 1653 957 1711 d.
978 1654 1027 1728 18,
1049 1656 1100 1711 19:
1125 1654 1224 1714 Sabini
1241 1661 1322 1723 aliam

200 1769 202 1774 ’
222 1755 316 1823 'repant
333 1767 414 1806 mum
433 1751 553 1826 primam
571 1751 712 1822 Sancum,
737 1749 810 1816 5155,
828 1753 861 1804 nt
879 1745 929 1804 alii
947 1749 995 1824 goi
1013 1747 1171 1824 appellant,
1190 1751 1323 1810 stastum

225 1840 377 1900 conteram
395 1843 425 1900 in
445 1840 518 1901 deos.
559 1841 708 1900 Semonem
727 1841 849 1898 Sancum
876 1841 924 1917 qui
942 1839 1053 1899 Sabinis
1078 1841 1217 1900 diceretur
1242 1853 1271 1900 et
1296 1845 1322 1901 in

227 1935 310 1992 rebus
329 1935 559 2010 sollemnioribus,
577 1934 653 1994 feriis
670 1934 817 2007 fastorum,
836 1931 1053 1998 dedicationibus
1070 1943 1099 1996 et
1113 1937 1241 2010 ostentis,
1259 1937 1323 1996 Liu.

224 2031 256 2102 8,
270 2031 323 2102 ²⁰3
344 2033 425 2102 32,1
446 2027 536 2086 dictus
554 2037 607 2103 est,
626 2029 723 2104 latine,
742 2011 865 2086 uelut-in
885 2027 969 2084 sacris
980 2029 1133 2105 Argeorum
1152 2029 1229 2106 apud
1243 2031 1324 2089 Varr.

226 2120 263 2180 de
288 2121 307 2180 l.
327 2122 346 2179 l.
367 2121 397 2195 5,
417 2120 467 2198 52,
490 2122 573 2180 Dium
593 2121 704 2181 Fidium
730 2121 924 2194 emaciatum,
950 2121 1034 2198 elque
1057 2123 1235 2199 explicationi
1259 2123 1335 2200 nihil}

158 2279 159 2286 1
225 2218 336 2274 obstare
355 2215 450 2289 credo,
470 2216 520 2272 nisi
540 2213 615 2293 quod
633 2215 766 2274 facillime
784 2223 838 2288 est,
858 2213 911 2270 hoc
929 2223 983 2288 est,
1002 2214 1077 2291 qnod
1096 2217 1120 2273 si
1139 2233 1207 2274 uera
1227 2218 1262 2274 sit
1277 2217 1335 2282 ue&

224 2319 297 2368 teres
308 2303 405 2367 ‘latere
418 2327 474 2366 non
489 2310 611 2386 potuisse
631 2306 750 2366 uidetur.
781 2306 820 2364 Et
838 2315 932 2368 tamen
949 2307 972 2365 si
992 2308 1029 2366 de
1046 2309 1119 2368 lonis
1137 2309 1195 2367 filio
1211 2311 1327 2368 511155-

225 2403 287 2459 cule
312 2402 574 2478 interpretationem
593 2403 698 2478 primus
718 2399 810 2459 Aelius
833 2399 906 2458 Stilo
931 2401 1097 2476 excogitauit
1120 2419 1155 2459 ae
1176 2401 1335 2479 Dionysius}

224 2494 289 2552 Hal.
310 2499 341 2567 2,
360 2497 398 2550 49
423 2512 491 2550 uera
517 2494 602 2551 tradit
631 2493 672 2550 lais
704 2494 810 2550 uerbisr
842 2483 959 2551 Κάτων
984 2487 1019 2550 di
1042 2485 1182 2572 Πόρκιος
1208 2488 1244 2553 sd
1272 2491 1330 2570 μὲν

218 2579 321 2662 ’ὄνομα
340 2585 384 2666 νῷ
405 2579 549 2658 Σαβίνων
568 2577 652 2644 ἔθνει
672 2581 805 2662 τεθῆναί
822 2603 918 2663 φησιν
937 2583 986 2644 lut
1001 2579 1109 2662 Σάβου
1126 2586 1181 2644 τοῦ
1202 2575 1335 2664 §elysaei

107 2691 109 2697 ’
223 2675 372 2755 δαίμονος
397 2672 581 2756 ἐῃιχωρίον,
606 2679 717 2736 τοῦτον
735 2674 778 2744 ,δὲ
802 2675 858 2738 τὸν
876 2673 999 2758 Σάγκον
1024 2671 1084 2738 ὑπό
1104 2698 1197 2738 τινων
1213 2677 1335 2750 meravi

163 2804 167 2813 ‹
222 2753 387 2832 raleiodor
400 2765 476 2846 Ata,
496 2776 583 2829 altera
602 2772 749 2842 sententia,
769 2792 852 2850 quam
868 2776 940 2833 Cato
955 2775 1044 2846 nouit,
1063 2783 1176 2850 praeter
1196 2774 1335 2854 traditam}

221 2888 240 2927 a
259 2885 343 2945 supra
362 2866 507 2923 nominatis
526 2872 555 2922 et
573 2865 719 2922 Lactantio
741 2871 769 2940 1,
791 2869 827 2924 15
846 2879 897 2927 aut
916 2868 1032 2942 caluit,
1052 2867 1088 2924 de
1106 2885 1163 2945 qna
1181 2870 1335 2950 coniectu-l

155 2949 169 2990 '¹
220 2981 280 3021 ram
299 2961 364 3034 feci,
384 2968 433 3017 aut
447 2959 510 3028 illa,
529 2977 612 3035 quam
628 2977 662 3016 ex
677 2959 806 3018 Varrone
824 2962 932 3020 referre
954 2961 1064 3018 uidetur
1075 2959 1228 3037 Dionysius
1247 2969 1280 3035 2,
1290 2965 1335 3024 481

220 3057 258 3115 de
275 3053 369 3113 Modio
386 3051 503 3110 Fabidio
522 3052 581 3110 siue
595 3053 689 3111 Medio
706 3053 798 3128 Fidio‚
822 3040 931 3124 Quirini
949 3055 1018 3128 filio,
1035 3055 1150 3112 Curium
1169 3055 1335 3120 condiceret

219 3153 298 3208 Haeo
316 3147 412 3206 sabula
430 3146 452 3203 si
472 3145 609 3204 recentior
625 3165 679 3204 noa
695 3156 738 3205 eat
753 3148 917 3218 Catoniana,
938 3165 1001 3209 cum
1018 3146 1165 3204 absurdior
1178 3148 1228 3221 sit,
1248 3135 1335 3224 utra-l

219 3260 276 3320 que
294 3250 370 3300 certe
388 3240 519 3298 recedere
542 3257 560 3296 a
586 3239 866 3316 religionis«Sabinae
893 3242 1020 3317 ingenio,
1045 3248 1181 3318 quantum
1200 3239 1335 3308 indicare

219 3337 295 3409 licet,
316 3333 425 3390 uidebar
444 3346 472 3392 et
491 3335 581 3392 altera
600 3332 715 3389 alteram
735 3337 849 3392 euertit:
870 3333 1023 3391 inauditum
1043 3334 1115 3392 enlm
1135 3340 1180 3390 est
1199 3331 1300 3390 Sancu
1334 3329 1335 3343 ¹

218 3439 248 3488 et
270 3427 380 3484 Fidium
399 3426 523 3486 diuersos
549 3445 610 3484 esse
633 3424 717 3500 deos,
740 3441 794 3483 nec
813 3424 930 3485 Ouidius
956 3428 985 3484 in
1010 3445 1045 3484 eo
1070 3349 1335 3540 5115551ιηί55511ιέ

217 3519 295 3600 qnid,
311 3519 487 3596 5555115511.
1334 3543 1335 3578 1

293 3613 434 3670 Hactenus
453 3611 489 3668 de
509 3610 585 3686 deis,
613 3631 732 3690 qnorum
752 3613 864 3670 nomina
888 3620 995 3671 tantum
1015 3611 1225 3670 obsoleuernut.
1269 3611 1301 3668 V

216 3707 263 3765 nio
282 3707 318 3766 ad
338 3705 456 3762 alterurn
474 3723 561 3780 genus
580 3705 695 3764 deorum
713 3707 890 3764 incertorum.
927 3707 1114 3763 Carmenta
1134 3589 1335 3792 post-Verre*

215 3819 279 3858 nem
298 3799 359 3857 lere
378 3797 472 3854 habita
490 3806 534 3854 est
551 3814 603 3874 pro
623 3798 677 3856 dea
696 3797 817 3867 fatidica,
837 3815 854 3856 a
872 3799 989 3874 Virgilio
1008 3800 1077 3857 Aen.
1095 3802 1126 3868 8,
1139 3793 1335 3880 339-3411

214 3893 353 3951 Strabone
370 3889 400 3964 5,
417 3895 445 3962 3,
466 3909 494 3966 p.
508 3893 564 3946 373
584 3891 725 3966 Tauroin,
745 3892 878 3967 Dionysio
899 3891 962 3948 Hal.
986 3897 1015 3966 l,
1032 3895 1081 3966 31,
1094 3894 1142 3961 40,
1164 3890 1279 3949 Ouidio
1304 3883 1335 4000 11

213 3985 389 4058 arn-536,
409 3985 476 4053 584,
496 3985 595 4062 quibus
620 3984 648 4041 in
675 3984 741 4042 locis
767 3986 814 4042 uix
840 3993 900 4059 est,
930 3985 997 4060 quin
1023 3985 1335 4100 55ω51155155115515ι1

212 4088 334 4158 poetae2
357 4077 440 4134 Ennii
464 4077 603 4151 fortassis,
629 4077 705 4134 fictio
732 4069 894 4154 repetatur,
920 4075 997 4134 unde
1020 4077 1124 4136 deinde
1145 4077 1275 4138 Ouidius
1294 4083 1335 4162 61

65 4157 70 4174 ’
149 4195 152 4199 ·
211 4171 378 4230 aea-542
397 4169 702 4247 exemplumsumpsit.
749 4173 879 4228 Porrima
903 4170 962 4226 siue
982 4171 1159 4248 Anteuorto,
1187 4172 1331 4230 Macrob
