2688 4680
567 288 686 340 ononis
792 347 793 352 ἵ
1047 296 1168 350 cxcvn
1259 365 1260 369 ἵ

65 436 106 504 δέ
123 455 208 511 τινες
225 421 437 520 tapsum*
409 457 454 498 us
470 433 517 510 1ςι
536 435 588 500 soi
597 432 800 516 Huldsseue‘
783 460 802 500 u
816 437 1085 525 Μεγαλοπολίτης
1101 440 1165 510 dud
1209 479 1214 490 ·

63 553 155 607 τινος
166 527 328 613 perparuo
338 521 507 604 Πόλανιος
525 525 642 595 αὐτόθι
660 525 898 612 τελευτήσαντος
915 545 944 596 et
958 557 1030 617 quae
1044 557 1166 619 sequun-

63 637 124 690 tur.
164 629 256 689 Sacra
273 646 340 706 ergo
358 634 389 687 et
406 625 530 687 fabulam
545 627 670 689 Euandri
687 647 723 689 ex
737 627 854 688 Arcadia
868 629 988 690 Romam
1006 634 1166 710 pemeuiua

64 721 122 782 boo
144 722 248 782 itinere
265 729 361 780 censet
381 719 554 783 Clauseuius.
591 722 714 782 Primum
739 721 803 799 quia
822 722 942 782 multis
933 743 962 782 ru
980 721 1095 782 urbibus
1111 726 1165 784 Ar·

63 814 165 875 radiae
184 812 208 873 is
222 812 305 875 beros
319 811 409 871 cultus
424 813 520 892 fuerit,
537 814 677 892 Pallantii,
696 833 727 894 p.
739 815 825 890 1234,
844 813 1018 894 Tbelpusae,
1037 835 1066 894 p.
1078 821 1165 893 1237,

61 907 174 968 Phenei
189 914 274 986 atque
285 903 457 983 Nonacride,
475 927 505 987 p.
522 912 609 985 1238,
627 910 755 988 Tegeae,
773 905 853 983 ibid,
871 924 988 986 quarum
1005 908 1033 968 in
1051 910 1165 989 quibtrs·

61 1001 132 1060 dam
149 999 250 1060 eedem
269 996 399 1074 numina,
424 1001 542 1061 mannae
560 1000 642 1062 libes
665 1009 696 1062 et
712 1000 831 1060 Titanes
850 1000 1062 1079 educarunt,
1090 1020 1164 1082 ques

62 1095 149 1158 etiarn
167 1093 198 1151 in
215 1091 337 1168 Acbaiae
354 1091 481 1171 oppidis,
503 1093 702 1172 assignificatur
718 1111 754 1154 ex
772 1092 876 1153 nobaia
898 1094 981 1154 etiarn
999 1095 1163 1156 Euandrum

62 1199 94 1248 et
112 1187 271 1246 Pallantem
288 1183 393 1244 suferri
411 1185 553 1265 potuisses
577 1186 606 1246 id
624 1197 718 1248 autem
736 1187 841 1248 fauno
859 1203 922 1247 esse
939 1204 957 1248 s
974 1187 1096 1248 Penthili
1113 1209 1162 1250 cu-

62 1282 136 1343 ionis
154 1279 354 1354 nsolembm,
371 1297 403 1358 p.
414 1282 500 1339 1228.
538 1279 705 1359 Exemplum
724 1279 787 1340 talis
807 1277 975 1357 migrationis
997 1299 1051 1362 per
1065 1282 1162 1343 statio·

62 1394 116 1436 nes
132 1373 237 1454 purtim
254 1370 367 1431 easdem
386 1372 540 1431 ostenditur
558 1391 588 1452 p.
601 1376 687 1450 1217,
706 1373 798 1432 12181
814 1372 947 1452 Priapum
965 1371 1066 1434 Orneis
1084 1373 1163 1434 dela·

62 1477 125 1530 tum
143 1484 207 1528 ests
223 1463 357 1540 Athenas,
374 1463 439 1523 bins
456 1465 542 1524 Stirin
555 1465 750 1541 Phocensium‚
768 1464 832 1524 binc
849 1465 964 1526 Elaeam
977 1467 1162 1543 Aeolensium,

61 1577 138 1640 quae
155 1559 247 1618 uicina
265 1566 308 1617 est
326 1557 435 1616 Cumae
451 1557 621 1619 Pbrioonidi.
658 1559 748 1618 Cuma
765 1557 908 1617 Pbrioonis
928 1557 1028 1618 dicitur
1044 1576 1062 1617 a
1080 1557 1160 1618 Stra-

61 1654 140 1712 bone
154 1650 225 1724 (uid.
240 1651 393 1710 Hermanni
406 1659 465 1710 aut.
480 1669 523 1729 gr.
536 1670 566 1730 p.
577 1653 647 1728 175)
661 1652 775 1712 colonos
792 1652 897 1712 unitim
909 1651 1011 1711 Cumas
1027 1652 1056 1710 in
1066 1651 1159 1710 ltaliae

59 1744 141 1826 quod
158 1744 182 1803 si
199 1742 311 1802 difficile
329 1744 365 1802 sit
382 1743 537 1821 intellectu,
557 1744 720 1805 Clausenius
738 1763 769 1823 p.
780 1747 854 1802 1222
868 1753 897 1804 ct
910 1747 968 1804 tot
980 1763 1023 1823 sq.
1038 1742 1161 1804 ostendit

60 1837 256 1899 Pbocaeemes
274 1837 464 1896 Cumanorum
492 1838 521 1896 iu
542 1837 607 1898 Asia
632 1837 739 1897 uicinos
767 1845 796 1896 et
820 1835 978 1897 italicorum
1001 1836 1160 1902 foederatos

59 1933 164 1992 iuisses
190 1939 241 1990 aut
266 1949 335 2008 ergo
352 1929 543 1989 Pbocaeeuses
562 1931 653 2009 ipsus,
671 1949 701 2009 p.
716 1931 793 2007 1106,
818 1939 868 1990 aut
885 1930 1026 1990 Cumanos
1043 1929 1161 1990 Aricinis

59 2025 238 2087 internuntiis
250 2022 398 2083 Arcadicas
418 2023 563 2104 religiones
576 2021 711 2081 Romanis
727 2039 780 2099 per
797 2040 895 2082 mauus
913 2021 1066 2083 tradidisse.
1096 2023 1160 2084 lloo
1259 2035 1261 2044 ’

62 2117 148 2198 magu
168 2118 262 2197 placet
280 2117 447 2191 Clausenis,
473 2133 558 2194 quam
583 2115 659 2194 qood
681 2135 713 2193 p.
728 2118 805 2174 1227
830 2115 870 2174 ita
892 2115 961 2175 uelit
983 2114 1159 2186 concludere,

59 2213 127 2292 quia
144 2210 266 2270 Cumani
284 2218 314 2270 et
331 2209 414 2293 Naxii
434 2210 598 2270 incoluerint
615 2205 756 2284 Zandeu,
781 2205 864 2268 Naxii
884 2225 952 2266 uero
969 2207 1051 2268 ι1ἱοιιι
1070 2208 1158 2267 Cute-

59 2324 144 2380 nssn,
163 2321 249 2386 quatu
267 2302 380 2384 cohuos
399 2304 538 2382 accepisse
556 2300 694 2362 Pallantis
712 2299 858 2379 probabile
885 2298 940 2375 sit,
963 2299 1026 2358 ideo
1047 2298 1157 2362 fabulas

60 2399 161 2478 (atqui
186 2395 224 2456 de
244 2375 420 2474 religionibus
438 2396 593 2474 agebatur)
613 2392 751 2456 Pallantia
770 2392 873 2451 Cumas
897 2393 1157 2469 penetrauisse,et

59 2493 138 2604 qpod
155 2489 226 2550 ibid.
245 2499 275 2550 ct
291 2510 322 2569 p.
332 2493 409 2549 1228
427 2489 586 2599 profertur,
605 2489 749 2547 Tritaeam
768 2483 941 2548 adamum
961 2495 1032 2547 teste
1049 2486 1157 2546 Pausa·

59 2589 107 2648 uia
125 2582 265 2644 eonditum
283 2601 345 2642 esse
363 2577 397 2640 ἐκ
409 2572 523 2660 Κύμης
541 2580 598 2658 τῆς
616 2576 649 2640 ir
662 2573 809 2648 Ὀπικοῖς.
848 2579 953 2638 Verum
971 2578 1073 2656 quod'
1065 2599 1093 2638 ιιι
1112 2581 1156 2642 his
1191 2647 1193 2654 ,
1260 2641 1266 2646 ,

60 2678 211 2760 postremis
225 2675 336 2755 oppidis
354 2676 482 2752 iutelligit
495 2675 669 2750 Clausenius,
688 2691 744 2732 nun
762 2689 844 2750 posse
862 2671 1000 2749 religionis
1017 2672 1142 2732 ullam'
1119 2693 1157 2732 u·
1188 2669 1197 2692 ⁸

61 2770 247 2832 militudinem
267 2769 367 2844 euinci,
384 2767 414 2827 id
433 2767 561 2828 nollsm'
553 2786 581 2827 ιιι
600 2785 646 2844 ee,
665 2784 749 2845 quam
770 2773 875 2840 tuetur,
888 2753 1054 2824 ooniemura
1071 2764 1157 2825 ιιειῑί·

60 2867 163 2947 ginusis
182 2863 343 2940 ambagibus
361 2861 573 2923 dissimulatum.
611 2859 688 2920 Nihil
706 2859 863 2937 quaerimus
881 2856 974 2931 aliud,
992 2875 1075 2935 quum
1094 2858 1155 2934 qui·

59 2957 141 3020 bus
131 2977 161 3016 ιιι
174 2953 309 3015 Arcadias
326 2954 394 3014 lucis
412 2963 490 3013 certa
507 2952 564 3012 fide
576 2951 709 3012 Euander
727 2953 817 3010 cultus
835 2949 928 3009 suerit.
960 2949 1006 3007 lle
1018 2948 1157 3009 Pallantis

58 3049 182 3112 dubitari
205 3056 309 3128 potest.
346 3046 454 3106 Narrat
475 3044 628 3105 Pausanias
645 3049 677 3121 8,
697 3047 747 3119 13,
765 3045 805 3102 il
829 3043 962 3103 seteflum
979 3039 1104 3100 Euandri
1125 3050 1156 3101 et

59 3141 240 3204 fabulando
257 3141 317 3201 eius
334 3141 499 3218 migratione
517 3137 612 3218 italica
629 3137 761 3198 Pallantii
785 3135 913 3214 reperiri.
950 3134 987 3192 lt
1004 3132 1157 3194 ruendum

60 3247 122 3314 ert,
146 3253 185 3295 ne
203 3252 266 3292 urm
285 3232 382 3292 ltaliae
400 3240 430 3291 et
448 3231 558 3292 Romae
574 3231 689 3301 ,mentio
713 3229 859 3288 mauilestu
883 3228 1050 3288 extrinsecus
1071 3226 1157 3288 allata

58 3332 113 3404 sit,
137 3327 199 3407 ipse
225 3325 308 3386 beros
333 3326 446 3386 demum
472 3332 537 3403 post
561 3331 671 3401 tempus
689 3321 821 3380 Antonini
838 3320 882 3380 Pii
906 3321 1079 3398 imperatoris
1102 3322 1157 3381 coli

60 3422 118 3482 illic
134 3417 270 3499 eoeperit.
301 3417 330 3477 1s
344 3420 417 3478 enim
433 3419 589 3477 libertatem
606 3427 635 3476 et
652 3414 850 3478 immunitatem
861 3412 1089 3472 Pellautiensibus
1106 3413 1171 3473 dev

58 3514 102 3573 dit
119 3521 238 3593 propter
257 3511 510 3582 ratiocinationem,
528 3527 602 3589 quae
619 3509 740 3588 primum
759 3487 975 3585 deprehenditur
993 3505 1069 3584 apud
1086 3507 1157 3567 Diu·

59 3607 169 3684 nysium
186 3605 252 3664 Hal.
274 3609 303 3679 1,
316 3607 367 3678 31,
377 3607 428 3680 32,
447 3612 545 3681 estque
563 3601 687 3662 fortassis
704 3600 790 3679 paulu
808 3599 956 3676 uetustior,
972 3600 1073 3659 aeteus
1090 3600 1157 3660 Gru·

61 3701 159 3760 cinnae
177 3707 206 3758 et
225 3696 433 3771 Verrouieuae‚
450 3695 501 3756 sed
520 3704 580 3755 tuta
598 3694 777 3772 grammatice
794 3701 825 3754 et
844 3710 968 3752 romeus.
1005 3693 1070 3771 lpse
1088 3693 1158 3754 Dio-

60 3793 156 3868 nysius
174 3809 200 3852 e.
215 3793 254 3848 33
276 3795 394 3847 testatur
411 3803 463 3846 sua
480 3796 573 3847 aetate
591 3803 609 3846 a
627 3787 857 3848 Pallantiensibus
875 3785 964 3846 cultos
987 3784 1158 3846 1111111111-

59 3885 182 3962 num,
206 3881 259 3942 sed
281 3881 418 3959 Lycaonis
442 3880 547 3956 lilium,
574 3897 657 3958 quem
682 3879 802 3940 eundem
820 3879 971 3939 Pausanias
989 3897 1016 3940 c.
1032 3879 1083 3955 41,
1093 3879 1159 3950 5‚o

59 3977 178 4038 indicate
195 3970 310 4052 Νίκην,
328 3974 388 4033 eim
406 3973 456 4050 (ex
475 3972 575 4050 Styge,
593 3972 677 4031 Paua
696 3975 830 4048 8,18,1,
847 3974 933 4034 Seru.
949 3972 1021 4032 deu.
1040 3974 1071 4048 o,
1085 3973 1159 4032 ldis

63 4071 188 4134 ruistis
199 4071 297 4146 esaon
314 4065 388 4143 filio)
406 4065 503 4142 liliam,
522 4057 697 4144 σύντροφον
714 4065 837 4126 Palladis
855 4076 886 4126 et
902 4065 1020 4125 tortae
1038 4083 1092 4144 pru
1104 4081 1158 4122 ee·

62 4160 125 4226 dem
150 4161 276 4226 babitans
301 4163 338 4224 ab
356 4160 449 4222 Ennio
467 4169 498 4221 et
515 4159 642 4232 Varroue
667 4157 704 4221 de
728 4161 749 4220 1.
767 4160 790 4222 l.
808 4161 838 4237 7,
855 4161 910 4222 37ι
933 4158 1082 4234 Quum,
1105 4153 1158 4216 cit.
