2642 4674
109 295 111 300 ·
169 277 340 332 ocnxxxlv
590 286 702 338 ’0033333
721 275 751 354 6,
773 277 805 354 72'
823 275 845 334 8

167 427 361 512 praetermissa
378 419 506 496 uentu
524 447 653 500 333333
671 439 791 515 nuans,
811 438 868 500 33.
888 445 919 516 3,
933 441 992 500 aco
1005 443 1076 516 (333
1089 443 1137 505 es.
1153 445 1276 522 num)
1318 475 1319 488 .

166 545 242 604 quae
259 528 424 608 plerumque
442 529 510 590 dixit
528 532 658 592 codicis
676 535 844 595 Politiaui
863 551 936 610 esse,
956 538 1042 596 semel
1061 539 1145 598 etiarn
1163 545 1196 617 3,
1210 545 1274 603 337
1318 605 1319 608 ¹

167 619 196 678 iu
215 620 323 680 sclsedis
345 624 531 684 matitunum
555 627 676 686 codicem
695 627 824 687 Politiaui
849 638 1008 707 nuncupat,
1031 631 1061 688 iu
1085 637 1273 696 annotatione

166 713 299 792 impressa
317 727 449 796 excerpta
467 718 604 783 Politiani.
642 720 759 781 Prorsus
779 721 889 781 diuersa
906 723 959 780 sub
978 721 1076 782 3331333
1096 728 1211 788 nomiae
1230 731 1273 788 ab

96 827 101 835 ’
165 815 284 884 utroque
303 810 413 887 prolata
430 822 496 872 sunt
514 813 545 889 5,
563 814 630 874 355.

240 906 289 962 37.
327 905 356 963 6.
384 903 639 986 Gottorpianus
663 906 752 968 codex
776 925 833 968 uon
859 927 924 968 raro
947 909 983 968 ab
1003 910 1117 970 Heinsio
1140 931 1271 975 comme-

164 1003 305 1054 moratur:
331 996 358 1054 in
377 997 486 1057 schedis
505 1001 581 1059 mstis
599 1001 636 1059 ad
655 1005 686 1076 4,
705 1006 761 1062 412
786 1006 894 1080 primae
915 1003 1125 1082 Gottorpiauus,
1143 1005 1271 1067 33333333

31 1081 55 1152 s
164 1087 263 1146 calami
283 1106 387 1150 errore.
426 1091 505 1152 Nilril
530 1094 566 1152 de
592 1113 627 1153 eo
651 1096 718 1154 milri
741 1098 879 1174 innotuit,
904 1097 956 1156 nisi
975 1094 1049 1174 quod
1073 1099 1103 1155 iu
1119 1097 1270 1165 ¹uolumine

163 1179 370 1258 Spaabemiano
390 1184 455 1242 bibl.
474 1203 533 1264 reg.
553 1187 646 1248 lierol.
666 1209 730 1250 mss.
744 1190 852 1270 Spanlr.
873 1194 937 1250 34
956 1187 1100 1266 calclopue
1117 1189 1267 1251 5333333333-

65 1323 68 1330 ,
164 1293 213 1334 333
228 1277 429 1356 (333333ῳί3333
443 1280 473 1337 iu
486 1280 619 1342 Heluetia
638 1293 727 1358 extat,
744 1284 772 1343 ln
791 1303 848 1361 quo
865 1283 986 1345 03333333
1003 1293 1172 1344 recensetur.
1200 1284 1268 1344 No-

163 1368 253 1428 tabilis
272 1363 315 1428 ¹est
332 1370 545 1449 interpolatione
564 1385 593 1434 et
611 1378 778 1454 cognatione
796 1396 859 1436 cum
878 1377 1005 1437 Mediceo
1024 1377 1160 1437 secondo.

172 1477 175 1484 ’
238 1466 286 1522 38.
325 1467 354 1523 7.
380 1465 665 1544 {lemburgensis
684 1470 806 1532 eiusdem
827 1469 912 1550 plane
930 1487 992 1529 curu
1011 1473 1155 1548 superiore
1176 1485 1265 1533 33333

161 1565 221 1632 ert,
243 1551 363 1636 ideoque
380 1558 452 1619 inter
471 1563 686 1638 praestantiores
707 1563 816 1624 babitus
839 1566 875 1623 ab
894 1564 1017 1624 Heinsio.
1055 1562 1133 1622 Nibsl
1150 1564 1189 1626 de
1206 1565 1265 1625 1333

160 1667 274 1727 quoque
292 1652 367 1711 noui.
405 1652 438 1711 lu
461 1651 561 1715 codem
587 1657 728 1716 uolumine
745 1657 952 1736 Spanlremiano
977 1657 1094 1716 extabat
1114 1659 1265 1736 catalogus

160 1738 387 1804 bibliothecarum
413 1747 682 1826 Hamburgensium,
713 1752 742 1810 in
770 1771 826 1830 quo
851 1751 955 1809 falstra
981 1749 1025 1808 lui
1051 1749 1263 1826 perlustrando.

159 1835 273 1897 Memini
292 1856 338 1898 me
355 1840 473 1899 amicum
493 1841 624 1921 delegare
643 1843 810 1904 sciscitatum
828 1843 982 1922 33333333ςί
1001 1841 1037 1902 de
1055 1843 1145 1902 libros
1171 1863 1263 1922 nega·

158 1927 208 1988 bat
232 1930 330 1993 doctos
354 1935 427 1994 uiros
446 1933 630 1998 bibliothecae
653 1937 783 2018 publicae
801 1937 960 2019 praefectos
978 1936 1089 1998 3333333
1107 1937 1262 2020 quicquam

157 2022 196 2084 de
214 2041 259 2086 eo.
1226 2085 1235 2095 .

234 2121 282 2181 39.
321 2123 350 2182 8.
380 2122 511 2184 Coriicem
529 2122 650 2184 Fuluii
668 2122 789 2183 Vrsini
807 2143 838 2185 33
856 2143 1005 2205 usurpasse
1024 2131 1143 2185 testatur
1159 2123 1261 2185 Crosa·

156 2231 210 2272 333
228 2215 256 2272 in
275 2216 366 2294 praei.
386 2236 485 2278 comm.
505 2218 534 2278 in
552 2217 618 2277 fast.
639 2216 675 2277 ad
694 2217 827 2277 lectorem
846 2227 875 2278 et
894 2217 1040 2282 Vaticanis
1059 2219 1182 2276 omnibus
1201 2237 1260 2277 an-

157 2307 303 2384 tiquiorem
322 2309 397 2370 dicit.
436 2311 518 2371 Visus
537 2312 604 2370 milri
623 2311 770 2390 aliquando
790 2313 813 2371 is
833 2329 912 2386 esse,
931 2313 1008 2370 cuius
1026 2310 1155 2371 indicium
1172 2310 1258 2369 inne·

156 2401 268 2459 niebam
294 2403 323 2461 in
348 2404 457 2464 acheriis
479 2406 692 2484 Spaulremiauis
716 2405 812 2464 Berol.
839 2425 868 2466 n.
888 2405 928 2464 50
944 2405 1015 2479 lol.,·
1037 2405 1086 2464 ubi
1110 2405 1138 2462 in
1159 2401 1259 2464 indice

155 2493 288 2553 librorum
300 2495 394 2556 Fuluii
406 2495 498 2557 Vrsini
515 2500 564 2578 qui
582 2499 667 2558 delati
685 2506 751 2558 sunt
768 2499 796 2558 33
817 2498 884 2558 bibl.
895 2499 1059 2580 Vaticanam
1077 2500 1156 2577 pat
1174 2503 1261 2556 332

154 2585 226 2644 llaec
242 2587 388 2664 legunturs
416 2591 512 2652 Ouidii
534 2590 609 2664 fasti
631 2595 662 2651 33
679 2609 755 2672 perp.
775 2591 964 2652 ouuobiasimo
982 2595 1013 2651 33
1030 2591 1077 2654 lr‘o
1094 2590 1258 2668 1339333333.

33 2683 37 2690 “
155 2685 264 2755 copario
282 2679 312 2739 di
336 2700 393 2742 cor.
411 2701 503 2743 rocco.
542 2687 586 2743 Fu
610 2685 654 2744 rial
677 2688 846 2746 monasterio
867 2687 1039 2746 0333333333.
1077 2685 1201 2744 Similem
1223 2685 1257 2744 in

153 2772 267 2832 modum
286 2776 322 2833 ab
341 2775 454 2834 Heinsio
473 2778 501 2836 in
520 2780 705 2838 annotatione
718 2780 852 2859 impressa
870 2778 907 2838 ad
931 2784 962 2854 1,
981 2779 1001 2838 5
1020 2777 1185 2838 <lambitur
1204 2797 1257 2837 co-

153 2865 219 2950 dex,
238 2869 285 2946 qul
303 2869 331 2926 in
349 2868 456 2929 schedis
474 2889 616 2952 nunquam
635 2872 740 2946 Vrsini,
758 2891 869 2952 semper
887 2876 1004 2951 3333333,
1023 2875 1145 2951 optimae
1166 2875 1257 2931 Voti-

153 2979 242 3021 33333
258 2973 450 3043 nuncupatur:
475 2966 561 3024 semel
579 2966 608 3023 33
628 2966 700 3025 notis
717 2967 856 3045 impressio
874 2967 910 3025 ab
929 2967 1042 3025 Heinsio
1061 2971 1091 3042 3,
1104 2965 1163 3023 650
1180 2983 1256 3048 perf

139 3061 250 3133 peram
267 3053 297 3115 lri
314 3056 528 3137 distinguuntur,
545 3077 564 3118 a
582 3060 748 3122 Burmanno
765 3079 833 3119 uero
852 3050 999 3140 perpetrm.
1036 3058 1081 3117 Ad
1100 3059 1255 3137 antiqnita-

152 3157 210 3207 tem
228 3149 290 3208 libri
309 3155 431 3231 pertinet
448 3152 524 3233 quod
542 3154 653 3212 saeculo
672 3153 712 3212 Xl
737 3154 765 3212 in
791 3153 956 3212 bibliotheca
980 3153 1138 3212 33333333ήί
1157 3153 1255 3210 Cassi·

151 3243 307 3319 nensiskhic
325 3246 395 3306 liber
413 3255 644 3307 commemoratur
662 3247 738 3324 apud
756 3247 939 3308 llluratorium
964 3247 1061 3324 script.
1079 3245 1144 3303 bist.
1163 3245 1198 3304 lt.
1217 3246 1254 3321 4,

25 3411 26 3418 ¹
150 3351 182 3412 p.
196 3336 264 3396 473.
301 3338 429 3419 Alioquin
454 3342 590 3420 scriptura
615 3341 719 3399 saeculi
737 3339 777 3398 Xl
799 3341 861 3428 ipsa
885 3340 1036 3399 consueuit·
1052 3337 1254 3416 longobardica

151 3429 303 3506 appellari,
327 3431 385 3490 uid.
405 3431 494 3494 Orell.
516 3434 552 3494 ad
571 3435 717 3492 Horatium
741 3435 851 3494 alicubi.
894 3432 953 3492 Sed
980 3431 1103 3491 codicem
1121 3430 1252 3489 3333333-

151 3537 218 3579 uum
231 3521 341 3581 Ciolani
361 3534 390 3583 et
408 3545 490 3604 quem
506 3528 546 3586 ita
565 3527 688 3605 appellat
707 3527 837 3586 Heinsius
856 3543 918 3586 3333
935 3525 1048 3585 eosdem
1062 3519 1185 3604 ‘propter
1199 3543 1250 3581 so-
1288 3545 1293 3554 ·

89 3633 91 3637 ·
150 3614 209 3673 lum
234 3633 334 3682 nomen
361 3618 543 3679 coniecerant.
582 3621 668 3690 Quod
686 3620 832 3679 discedunt
851 3620 967 3696 1,315;
985 3621 1059 3695 ⁶163
1079 3617 1154 3693 5913
1173 3620 1250 3694 5253

149 3713 180 3778 2,
192 3710 230 3766 93
249 3710 322 3780 alibi,
341 3709 416 3788 quod
438 3710 474 3770 ad
493 3717 521 3782 2,
536 3713 592 3771 851
612 3715 641 3772 33
662 3713 770 3772 schedis
789 3714 893 3771 33333333
911 3721 1076 3770 3333333333
1099 3716 1180 3772 Haec
1195 3729 1253 3770 333-

150 3819 202 3878 que
223 3801 262 3861 aa
278 3799 359 3877 ficem
384 3802 449 3863 libri
465 3803 578 3864 31333333
602 3803 636 3864 iri
656 3813 713 3886 opt.
735 3809 825 3866 73333.
845 3805 963 3865 Ciolano
983 3813 1110 3880 3333333,
1135 3805 1165 3863 id
1190 3825 1252 3863 non

17 3895 21 3908 '
148 3893 266 3952 multum
285 3896 360 3975 apud
384 3915 428 3956 ma
453 3898 573 3958 ualebat.
611 3899 686 3958 Nam
710 3900 849 3960 interdurn
876 3901 959 3958 333333
981 3901 1141 3978 conspirant
1165 3909 1197 3956 nt
1216 3905 1252 3974 2,

148 3989 208 4046 284
225 3991 297 4062 (283
315 3989 441 4067 Buram),
466 3993 550 4067 alibi,
573 4000 603 4052 33
620 3993 684 4052 33313
701 3991 818 4053 bominis
843 3994 995 4072 perexigua
1017 4000 1060 4050 est
1085 3993 1250 4052 auctoritas.

116 4119 124 4130 -
149 4081 260 4143 Tamen
280 4101 316 4142 ex
334 4084 393 4143 eius
405 4087 584 4147 3333333333
595 4089 627 4162 6,
639 4093 696 4146 213
715 4105 851 4165 coarguor
865 4088 975 4156 erroris,
994 4103 1058 4142 cum
1070 4085 1165 4163 primis
1176 4084 1252 4142 duo·

148 4173 201 4237 bus
224 4177 299 4238 libris
325 4171 354 4239 ct
373 4178 456 4238 tertio
481 4189 548 4240 ante
574 4191 685 4242 33333333
704 4172 761 4242 241
782 4191 931 4261 3333333333
950 4177 1044 4242 Vrsini
1066 4180 1168 4240 librum
1192 4197 1252 4238 nu-
