2688 4680
204 318 350 370 connvr
659 277 817 364 consone
907 325 910 338 ·

190 476 234 534 in
253 445 424 552 grauioribus
441 472 473 525 ut
491 465 606 540 &6³23
622 465 653 539 8,
668 463 719 539 94,
738 460 786 521 ubi
803 460 855 522 nisi
871 459 976 518 Forum
989 457 1069 520 Dedi
1083 459 1156 522 Ptin.
1168 461 1296 523 nat.lrist.

206 573 237 643 3,
249 571 286 624 12
304 571 354 623 aut
366 558 484 620 Forulos
501 557 567 621 Liu.
582 558 632 629 26,
644 560 679 612 11
697 555 836 632 intelligas
851 552 998 614 Peteuiani
1016 555 1156 633 scriptura
1172 557 1296 635 explicari

207 661 253 720 uix
267 664 369 737 potest,
388 660 420 711 ut
438 655 467 722 3,
479 653 545 721 127,
566 651 613 708 obi
631 667 715 727 poree
732 667 816 708 seusu
833 645 961 726 proiecto
980 658 1068 722 caret,
1084 655 1180 726 potres
1199 649 1235 708 de
1252 648 1297 707 de·

207 753 291 812 curiis
310 757 467 810 senatorum
486 743 678 821 accipiendum
696 741 819 815 uidetur,
838 741 953 816 Dionys.
967 739 1031 796 Hal.
1045 745 1076 814 2,
1085 740 1135 816 57,
1153 742 1250 818 Lydus
1267 741 1298 800 da

206 847 328 924 magistr.
346 843 431 917 1,16.
462 837 513 896 Est
530 837 578 894 ubi
597 833 665 894 nibil
683 851 774 913 prope
792 835 907 892 interest
917 832 1100 891 Petauianum
1118 851 1155 892 an
1175 834 1299 894 llselden·

143 969 145 976 ·
206 958 266 1000 sem
284 933 421 1016 sequaris,
441 942 473 990 ιιι
491 933 521 1004 4,
540 932 612 989 50οι
639 929 724 988 habui
743 928 827 1004 igitur
844 927 980 986 honorem
999 934 1066 984 natu
1085 925 1195 986 maiori.
1235 928 1299 985 Con

208 1029 314 1091 Arund.
335 1037 364 1086 et
383 1027 463 1085 Voss.
485 1041 682 1102 nonnunquam
702 1021 894 1100 cognationem
920 1017 1013 1100 prodit
1031 1017 1203 1089 llleldensis,
1228 1027 1259 1078 ut
1275 1024 1299 1092 3,

207 1129 298 1201 81rq.
307 1143 317 1198 ς
338 1120 461 1196 122;⁴,
475 1119 549 1191 3683
567 1117 634 1176 555.
672 1115 731 1174 Sed
760 1115 844 1190 longe
869 1114 958 1172 maior
982 1119 1025 1170 est
1049 1113 1226 1184 necessitudo
1244 1131 1298 1171 cum

206 1213 456 1276 fraudulentissima
474 1211 616 1284 ltalorum,
636 1207 763 1268 Vaticani
781 1207 873 1285 primi,
895 1204 1105 1280 Zulichemiaui,
1127 1204 1299 1262 Mazariniani

147 1428 150 1436 ¹
208 1413 300 1478 tamen
319 1408 363 1459 est
372 1397 518 1474 originem
533 1393 637 1452 ducere
657 1411 676 1452 a
695 1393 791 1452 codice
809 1391 955 1472 singularis
976 1401 1060 1451 uotae
1078 1389 1205 1449 nondum
1222 1392 1299 1448 inter·

207 1497 303 1577 polato
322 1502 351 1554 et
369 1489 507 1551 llseldeusi
531 1485 678 1546 simillimo.
717 1487 789 1545 Cum
817 1502 886 1562 ergo
912 1485 941 1542 in
966 1485 998 1544 iis
1024 1485 1150 1543 carminis
1172 1485 1298 1564 parabus,

208 1605 283 1699 quae
300 1595 395 1648 extem
420 1584 448 1641 in
474 1579 615 1641 llieldeusi
633 1595 837 1658 saepenumero
857 1595 920 1635 cum
938 1577 992 1636 boc
1012 1578 1096 1637 etiam
1117 1577 1182 1636 illos
1199 1585 1298 1637 secutus

207 1684 276 1757 sim,
300 1694 418 1756 cumque
438 1683 586 1754 praeterea
602 1671 762 1749 saepissime
781 1669 891 1728 illorum
909 1671 1061 1748 scripturas
1079 1670 1194 1732 inisse
1185 1689 1215 1730 ιιι
1234 1670 1299 1729 lliel·

208 1774 287 1835 densi
305 1769 446 1849 integriori
465 1765 610 1846 probabile
628 1764 674 1838 sit,
693 1772 787 1820 tamen
806 1763 945 1820 rarissime
962 1764 1026 1822 illos
1044 1773 1140 1824 tantae
1158 1765 1299 1824 auctorita·

208 1869 243 1928 tis
262 1866 379 1925 uicarios
393 1861 487 1920 facere
503 1859 592 1938 potui.
624 1856 700 1914 Nate
718 1864 761 1913 est
779 1857 960 1934 inaequalitas
979 1857 1131 1934 quaedam:
1150 1857 1203 1916 sed
1221 1859 1301 1916 minus

208 1961 263 2019 lroc
280 1969 324 2018 est
343 1957 438 2016 uitium
457 1954 503 2012 uel
520 1953 645 2025 leuitate,
665 1965 750 2026 quam
766 1949 932 2026 quibusdam
950 1951 1088 2029 relinquo,
1108 1949 1218 2009 codices
1230 1951 1301 2008 blan-

209 2054 260 2113 dos
278 2054 399 2110 incertae
419 2049 516 2108 aetatis
540 2044 607 2120 (uel
624 2042 729 2100 meculi
747 2043 818 2100 sexti
837 2043 950 2113 decimi,
970 2051 1001 2101 ut
1020 2044 1203 2103 Combianum
1223 2044 1302 2102 Dres-

209 2123 341 2220 deusem)
369 2131 483 2202 ιιιιιιιίι
507 2135 724 2217 aequiparandi,
749 2135 797 2194 uel
821 2135 937 2197 audacia
962 2155 1017 2215 pro
1039 2137 1121 2196 certis
1147 2137 1330 2214 renotanda

230 2238 372 2299 robabilia.

210 2260 229 2408 ιι)
287 2333 315 2390 5.
354 2330 457 2388 Notam
477 2331 506 2388 Β
525 2326 597 2404 gerit
615 2323 704 2384 codex
720 2323 826 2402 primus
843 2295 1063 2400 Bouaricus,
1081 2322 1224 2384 Monachio
1243 2321 1302 2380 Be-

211 2425 330 2482 roliuum
350 2422 524 2480 transmissae
544 2437 635 2478 meum
661 2418 692 2476 in
717 2436 797 2475 usum
815 2417 1009 2476 intercessione
1028 2436 1062 2476 ac
1080 2419 1213 2496 permissu
1230 2435 1304 2474 sum-

211 2534 319 2574 morum
339 2517 472 2585 uirorum,
493 2510 633 2570 cladrsimi
651 2521 682 2570 et
700 2510 858 2568 immortalis
876 2512 1026 2570 memoriae
1044 2529 1138 2570 rerum
1153 2509 1302 2568 diuinarum

212 2624 342 2686 quaeque
362 2604 516 2664 eruditione
534 2603 709 2662 continentur
727 2621 817 2682 nuper
837 2603 1017 2665 moderatoris
1041 2603 1119 2664 liberi
1137 2604 1248 2663 baronis
1266 2603 1303 2661 ab

212 2698 445 2771 alteustein,
469 2695 627 2774 amplissimi
652 2695 808 2774 horumque
831 2696 984 2756 surdior-um
1008 2699 1162 2776 gnarissimi
1180 2699 1302 2758 ιιιιὶιιιι-

213 2793 281 2852 toris
309 2790 458 2850 loannis
484 2789 668 2863 Scbulzii,
694 2788 874 2848 bibliothecae
895 2793 989 2870 regiae
1011 2785 1186 2852 Monacensis
1210 2789 1304 2851 summi

169 2871 171 2876 ⁵
214 2884 349 2964 praefecti
367 2882 538 2942 illustrissimi
555 2891 585 2942 et
603 2882 768 2940 uenerabilis
786 2881 1082 2943 Liclrteutbaleri·
1102 2887 1202 2962 quibus
1220 2903 1304 2963 quen·

212 2988 272 3037 ιιιιιι
290 2976 420 3035 deberem
440 2994 502 3033 cnm
521 2976 649 3054 cogitatio
675 2975 758 3034 subiit
783 2975 826 3034 his
852 2977 930 3036 annis
949 2977 1096 3057 postremis
1115 2971 1230 3038 mirifice
1248 2995 1304 3037 sum

176 3089 185 3098 ·
212 3072 240 3129 in
260 3069 404 3129 tolerando
422 3068 519 3138 labore
536 3067 708 3128 obfirmatus.
746 3068 862 3128 Librum
880 3072 920 3130 ita
937 3071 1094 3149 insignitum
1114 3071 1227 3146 accepi.
1247 3069 1329 3162 aod·

213 3162 521 3237 Mollcrodorfcarisa.
543 3161 824 3223 linconiensis.
843 3182 916 3223 rosc.
935 3163 1247 3239 xircorueamfoltts
1264 3175 1329 3230 eal

212 3262 358 3332 puroqiato
375 3275 443 3314 uno.
479 3254 605 3342 Scriptus
624 3265 667 3316 est
685 3256 824 3315 luculente
842 3266 872 3315 et
889 3259 1040 3336 eleganter.
1071 3258 1170 3330 Insunt
1187 3260 1304 3338 scriptu·

214 3367 263 3408 rae
281 3349 444 3428 compendia
462 3337 610 3427 singularia
629 3357 658 3408 et
675 3350 727 3408 nisi
747 3337 831 3407 fallor
848 3359 975 3427 uetusta,
993 3360 1025 3410 ut
1043 3349 1128 3410 ΝΤ
1119 3371 1148 3410 ιιι
1167 3351 1226 3413 fine
1243 3371 1303 3410 oon·

214 3441 370 3512 innatant
388 3441 490 3500 uocalis
510 3461 530 3501 o
548 3441 761 3520 longobardica,
780 3459 854 3521 quae
871 3443 936 3502 olim
954 3444 1109 3521 dicebatur,
1126 3444 1220 3505 forme
1235 3445 1306 3522 infra

125 3533 129 3540 '
214 3551 336 3593 anama:
362 3552 433 3605 rora
451 3531 480 3593 h.
500 3551 526 3593 e.
546 3552 646 3611 ιιιιι,
668 3535 732 3595 alia
771 3533 877 3608 Littera
894 3547 988 3597 tamen
1005 3558 1023 3598 ι
1040 3557 1096 3598 non
1116 3557 1182 3598 raro
1201 3547 1243 3598 est
1259 3557 1305 3595 ru·

165 3635 169 3643 “
213 3626 318 3703 lunda,
342 3645 377 3686 ce
393 3627 557 3705 plerumque
575 3645 591 3685 s
609 3647 671 3688 cum
691 3631 816 3708 uirgula,
841 3629 978 3690 interdum
998 3649 1013 3690 o
1030 3631 1157 3710 simplex.
1196 3633 1306 3692 Inerant

214 3721 296 3778 etiam
316 3721 482 3796 glossemata
500 3720 590 3810 bpuae
607 3721 694 3802 frugis
713 3745 769 3785 nou
788 3725 879 3784 mania
897 3742 950 3784 nec
974 3726 1036 3803 ipsa
1054 3727 1190 3804 scriptura
1213 3745 1307 3786 recen-

213 3813 285 3871 tiora
304 3815 345 3872 uti
363 3813 467 3891 aliquot
484 3816 651 3890 argumentis
673 3820 851 3896 colligebam,
877 3835 951 3894 quae
970 3819 1082 3896 longum
1102 3828 1144 3878 est
1166 3821 1307 3898 persequi.

214 3902 286 3963 Cum
312 3907 383 3965 liber
408 3907 444 3964 sit
469 3906 592 3985 integer,
618 3929 681 3970 eum
706 3914 856 3992 scripturas
881 3910 984 3970 habeat
1007 3913 1110 3992 ubique
1133 3913 1265 3990 proprias
1281 3919 1307 3970 et

212 3997 378 4076 plerumque
396 4001 520 4078 egregias
539 4019 630 4079 neque
648 4013 697 4062 aut
717 4006 851 4064 barbariei
869 4005 1000 4064 obnoxias
1018 4013 1067 4063 aut
1086 4005 1245 4064 ullomodo
1263 4023 1308 4062 su·

125 4115 127 4130 ·
213 4099 338 4180 spectas,
358 4109 420 4149 cum
439 4093 555 4150 collatus
574 4095 610 4153 sit
628 4114 646 4154 a
664 4115 709 4156 me
728 4097 887 4176 diligenter,
906 4097 960 4155 lroc
976 4099 1146 4179 potissimum
1166 4097 1307 4176 praesidio

113 4226 116 4236 .
201 4181 336 4261 „comino
354 4185 448 4243 critica
465 4185 590 4248 ιιιιιιίιιίι
608 4186 740 4250 Ouidiani
764 4209 824 4250 sese
849 4192 988 4269 tuebitur,
1014 4191 1105 4252 donec
1126 4189 1308 4250 difficultates
1327 4215 1328 4236 ι
