2678 4668
411 277 455 324 os
477 261 569 326 uocis
591 264 769 332 ndnrurosrs
1088 285 1140 342 cnr
1197 292 1198 297 ¹

129 424 238 487 Lucus
254 425 421 488 Lucinae
439 433 470 504 2,
488 429 546 488 436
569 438 800 490 commemoratur
818 435 901 490 etiam
920 449 938 490 a
957 431 1085 494 Varrone
1102 437 1139 496 de

72 518 117 577 11.
134 519 162 592 5,
178 521 232 578 40,

32 607 35 627 “
128 611 286 690 Capreae
310 611 480 691 paludem
499 617 530 688 2,
550 615 608 672 489
632 625 737 694 quanto
759 615 889 676 librorum
916 627 1041 676 ueterum
1055 609 1136 680 'con-

69 721 133 764 sensu
149 704 285 780 ediderim,
305 703 393 764 uides.
426 705 484 764 Res
504 716 546 768 661
560 709 713 784 obscurior,
731 727 815 787 qnam
834 721 865 768 ut
883 729 967 788 supra
984 712 1067 770 libros
1085 732 1135 772 au·

69 795 119 856 dere
134 799 270 876 quicquam
287 797 379 856 116661.
422 799 549 857 Heinsius
568 802 677 880 egregie
696 804 856 861 annotauit=
880 813 1000 882 quatuor
1018 806 1142 882 scripto-1

69 909 114 948 rum
130 891 190 950 locis
207 893 243 948 ab
261 908 295 949 eo
316 891 448 968 prolatis,
467 912 584 971 quorum
604 905 660 952 tres
679 895 723 953 isti
744 896 895 972 scripturae
915 897 1135 974 patrocinantur,

68 980 122 1042 adde
134 983 246 1054 ¹Paulum
264 985 343 1042 Diae.
362 1003 393 1062 p.
408 985 455 1055 65,
469 987 505 1056 5,
529 986 591 1046 Liu.
613 979 642 1063 1',
655 991 710 1058 16,
734 989 810 1052 Plut.
828 987 911 1045 Rom.
932 1005 960 1064 p.
972 990 1019 1059 56,
1034 994 1053 1048 7
1067 990 1134 1048 8611.

69 1074 131 1134 Num.
147 1096 173 1155 p.
184 1080 231 1154 98,
240 1077 270 1154 5,
290 1083 337 1156 qui
356 1077 531 1136 consentiunt
550 1079 577 1135 in
596 1097 697 1156 ooproo
714 1079 825 1159 poluda.
865 1079 897 1138 lu
917 1099 1015 1160 campo
1031 1082 1134 1140 Martio

68 1167 129 1229 1666
144 1181 254 1232 coortat.
284 1169 387 1230 ibidem
407 1170 562 1231 columna
582 1171 729 1248 bellica,
747 1176 778 1250 6,
790 1173 847 1230 205
860 1192 935 1251 sqq.‚
954 1174 990 1232 de
1004 1193 1060 1252 qua
1075 1173 1131 1234 uid.

67 1260 139 1324 adlb.
155 1267 212 1325 48.·
237 1265 313 1324 inira
331 1264 419 1322 omisi.

121 1355 229 1416 locus
247 1356 366 1415 Fanni
384 1367 614 1416 commemoratur
633 1363 662 1432 3,
675 1357 749 1434 295;
769 1360 799 1436 4,
814 1361 887 1418 6496
912 1360 1011 1420 louis
1029 1359 1132 1418 Elicii
1165 1405 1169 1418 .

67 1447 112 1506 item
128 1450 151 1506 in
169 1451 303 1509 Auentino
327 1452 404 1510 locus
424 1450 565 1527 religiosus
584 1455 612 1521 3,
632 1456 707 1528 328,
733 1451 769 1512 66
788 1472 844 1530 quo
861 1449 1026 1511 Plutarchus
1045 1450 1130 1516 Num,

67 1541 130 1598 cll:
146 1534 195 1600 adr
214 1537 247 1600 de*
264 1533 360 1602 τόπον
376 1533 495 1601 'illesos
514 1535 570 1600 ἀπ’
588 1539 702 1604 ἐκείνου
716 1543 1017 1623 προσαγορευθῆναι,
1049 1547 1133 1602 Aram

65 1631 117 1692 lonis
131 1634 203 1692 Elicii
220 1635 334 1695 tradunt
352 1635 443 1696 Varro
462 1636 499 1696 de
519 1637 539 1696 l.
558 1636 579 1697 l.
597 1640 626 1708 6,
639 1641 689 1712 34,
707 1637 770 1696 Liu.
791 1644 822 1711 1,
836 1642 885 1698 20.

118 1726 199 1786 16666
216 1729 363 1806 religiosus
387 1729 458 1806 luit,
479 1730 527 1788 nbi
552 1731 697 1808 quotannis
716 1731 820 1790 166666
838 1731 935 1789 Matris
955 1728 1036 1786 deum
1057 1727 1130 1784 cele·

65 1817 177 1896 lralntur,
193 1841 275 1900 quam
297 1823 417 1900 primum
436 1823 539 1882 sactum
558 1823 659 1882 iudicat
678 1823 795 1883 Ouidius
814 1824 924 1894 ‘tm
963 1819 1075 1879 Videbis
1095 1818 1130 1877 de

63 1927 120 1968 nuo
135 1913 244 1994 locoque
262 1917 448 1994 interpretes,
468 1915 604 1976 Orellium
623 1926 652 1976 et
670 1916 704 1978 L.
724 1918 842 1989 Viuem,
861 1915 897 1976 66
916 1915 1021 1972 Arnob.
1040 1916 1071 1986 7,
1091 1917 1129 1973 32

63 2006 187 2083 ddugust.
206 2026 231 2070 6.
245 2008 275 2069 d.
295 2015 327 2086 2,
339 2012 368 2072 4.
408 2007 485 2070 Nihil
503 2010 576 2069 euim
595 2010 721 2088 amplius,
741 2027 826 2094 qnam
844 2007 919 2088 quod
939 2005 1056 2068 Ouidius
1075 2004 1127 2064 do·-

64 2103 102 2172 661,
115 2101 158 2156 olii
174 2099 273 2162 habent
292 2104 451 2181 scriptores.

110 2191 153 2252 ‘lle
168 2193 242 2254 luco
260 2195 451 2274 Robiginis
471 2213 561 2274 seque
574 2212 675 2272 magna
689 2204 731 2252 est
745 2194 892 2254 difficultas
910 2193 939 2253 in
958 2187 1129 2254 concilianda

63 2278 131 2342 Ouidii
145 2277 299 2348 sanatione
316 2289 347 2364 4,
360 2287 417 2346 305
432 2307 495 2366 sqq,
517 2307 581 2346 cum
603 2288 692 2346 Verrii
717 2289 847 2347 lemmate
872 2288 901 2346 iu
928 2286 1022 2346 tabula
1047 2284 1128 2344 tertia

61 2370 220 2440 Pmmestion:
238 2379 380 2440 FERJAE
394 2421 402 2439 .
415 2379 568 2441 ROBlGO
581 2423 590 2439 .
603 2381 687 2440 VIA.
703 2380 863 2442 CLuvntt
880 2421 888 2440 .
903 2380 972 2439 AD.
985 2375 1131 2437 1111161161-
1230 2450 1232 2453 v

61 2465 189 2549 utus,
205 2483 292 2553 atque
310 2474 340 2532 iu
358 2473 599 2534 accommodandis
619 2473 661 2533 his
681 2475 773 2532 uerbis
792 2473 828 2532 ad
848 2474 928 2532 Pauli
946 2471 1063 2530 Diaconi
1082 2481 1127 2530 16-

60 2562 182 2626 uturum
205 2588 235 2647 p.
248 2566 300 2642 45,
317 2569 354 2624 71
384 2566 532 2626 cornuria
555 2575 640 2644 porto
662 2572 771 2628 1161666
799 2566 873 2628 dolo
901 2575 944 2631 661
969 2567 1035 2644 quio
1062 2582 1129 2629 nors

61 2651 130 2732 lorpa
145 2659 181 2718 65
197 2679 236 2720 66
253 2659 294 2720 66
311 2659 478 2736 placandum
497 2659 639 2718 caniculae
656 2659 736 2720 61666
755 2671 808 2720 616.
842 2662 874 2722 Si
892 2660 928 2719 de
948 2659 1044 2720 eodem
1063 2657 1130 2716 loen

60 2753 203 2812 66666616
225 2759 281 2814 ista
305 2753 397 2814 omnia
419 2751 596 2830 intelligenda
620 2763 703 2831 sunt,
730 2757 842 2834 (neque
860 2754 1016 2812 detractare
1034 2749 1129 2810 licebit

59 2835 111 2899 lanc
124 2846 325 2906 sollicitudiuem
345 2845 477 2922 quamdiu
497 2839 569 2903 nihil
588 2856 735 2924 praeterea
756 2847 930 2926 exploratum
950 2844 1025 2916 erit)
1049 2835 1125 2902 'certe

59 2927 167 2998 1616666
183 2950 275 3018 potest
290 2939 396 2998 Saolrsii
416 2939 607 3016 interpretatio
624 2945 654 3014 1,
666 2960 697 3018 p.
709 2945 765 2998 222
785 2940 907 3018 putantis
921 2936 1053 2996 Ouidium
1065 2935 1127 2994 No·

59 3019 324 3107 moecenatem,
350 3030 426 3110 quod
451 3033 540 3089 miuus
564 3029 753 3110 duodeuiginti
778 3032 862 3090 millia
885 3048 1018 3110 passuum
1034 3029 1129 3086 Roma

59 3110 128 3197 dunc,
143 3123 234 3184 166166
252 3128 306 3185 1166
320 3143 409 3202 aeque
427 3143 558 3202 magnum
577 3133 653 3183 trans
674 3126 747 3187 uiam
760 3124 895 3184 Salariam
915 3121 1032 3181 adeam
1051 3122 1128 3182 uiam
1152 3113 1159 3120 ’
1220 3153 1225 3167 =

58 3205 169 3292 Clodiam,
190 3219 248 3280 sine
267 3218 427 3289 Claudiam,
454 3217 698 3297 quaesecundum
719 3217 842 3275 tabulam
862 3214 1023 3290 Peutioger.
1041 3212 1125 3272 1615
1196 3265 1198 3270 ,

58 3298 233 3371 61116666
254 3314 301 3372 uia
320 3311 456 3369 Flaminia
483 3312 667 3369 sinistrorsum
694 3308 731 3366 ad
749 3309 860 3370 Rubras
886 3307 1026 3378 discessit,
1053 3309 1127 3370 61666
1166 3303 1168 3310 ⁴

57 3393 177 3460 wilarium
196 3422 212 3460 n
230 3415 313 3482 porta
327 3404 463 3462 Flaminia
477 3423 593 3479 nonum,
612 3410 785 3461 monstrante
799 3401 934 3478 Fogginio
955 3421 985 3482 p.
995 3403 1045 3475 64,
1065 3411 1126 3460 tum

57 3477 255 3566 1116611666.
276 3507 316 3558 1ο.
332 3499 360 3568 4,
372 3496 457 3576 -p.65
470 3514 549 3574 sqq.r
575 3513 667 3572 neque
686 3499 753 3572 'ergo
773 3493 841 3572 quid
860 3493 953 3556 Ouidii
972 3514 1054 3556 uersu
1067 3495 1127 3552 906,

58 3571 103 3650 fill,
123 3585 289 3666 intelligitur,
314 3607 407 3668 neque
424 3590 478 3648 ista
498 3591 543 3647 uia
563 3588 680 3648 Claudia
698 3588 796 3652 habuit
814 3589 968 3650 milliarium
988 3589 1125 3670 quintum.

57 3664 144 3755 E¹0⁰,
166 3682 238 3760 quod
256 3683 389 3742 Antonini
409 3683 578 3744 itinerarium
598 3701 629 3760 p.
641 3681 678 3740 65
699 3682 744 3740 66.
764 3683 873 3741 Schott.
896 3685 971 3738 1600
991 3685 1035 3739 nia
1057 3680 1123 3738 Clo·
1176 3707 1193 3724 1-

59 3759 208 3834 danuam
227 3778 367 3854 perueniri
385 3775 484 3850 docet,
505 3775 571 3832 nihil
591 3775 659 3832 certi
677 3774 766 3851 colligi
785 3783 879 3855 potest
897 3773 933 3830 de
948 3783 1048 3850 porta,
1068 3788 1124 3848 qua

59 3857 129 3920 urbem
144 3865 243 3928 intruid
263 3887 376 3930 necesse
394 3869 506 3934 suerit·
528 3867 586 3928 sed
606 3878 698 3927 tamen
719 3866 836 3928 Ouidius
856 3866 941 3926 Poot.
961 3871 989 3940 1,
1002 3869 1032 3940 8,
1046 3866 1082 3924 43
1093 3884 1107 3930 a,

276 3982 346 4040 quos
363 3961 494 4042 piniferis
511 3964 617 4040 positos
636 3965 665 4026 in
684 3959 797 4020 collidus
816 3960 912 4022 hortos

222 4059 335 4136 ,6666161
355 4056 514 4118 Flaminius
533 4053 631 4114 Clodio
648 4057 828 4118 6616166166

59 4147 238 4226 0011666661,
256 4149 368 4212 eosdem
387 4151 446 4210 sine
466 4147 564 4226 dubio,
581 4150 628 4227 qui
647 4159 682 4208 tr.
704 4153 733 4224 1,
749 4155 798 4224 11,
812 4150 849 4206 37
856 4156 867 4222 ;
887 4147 917 4222 4,
932 4148 965 4220 8,
976 4146 1015 4204 27
1034 4140 1121 4201 nomi-
1213 4154 1215 4168 ’
