2636 4678
469 318 501 364 v.
523 315 649 368 tritanul
1021 319 1110 416 xxrsq

53 493 121 534 mesu
136 475 235 536 litterae
257 476 284 534 in
307 473 489 533 marmoribus
509 457 971 548 notarentor‚eoentuogaieotor=
997 487 1055 530 uno
1073 437 1109 532 ut
1180 457 1183 464 ¹

53 567 146 647 exemplo
169 565 328 646 perfungar,
354 567 420 626 uide
444 564 566 644 lapidem
581 563 776 622 Sedunensem
801 564 877 642 apud
895 564 1044 643 Neapolim
1069 563 1125 626 ad¹

52 661 91 721 bu.
107 663 170 720 Fast.
187 667 215 737 2,
234 669 297 720 121.
335 660 518 718 Euanuerant
541 659 596 715 isto
614 658 641 714 in
661 657 748 714 uerbo
766 657 801 733 P,
817 659 844 716 ob
864 667 892 715 et
911 668 991 735 parte
1009 659 1106 718 dextess

54 755 103 812 riore
117 749 219 831 litum
237 755 344 812 litterae
364 754 388 809 A
407 753 481 809 alter
500 751 622 822 tibicen,
642 759 674 808 ut
691 751 836 810 uideretur
854 751 951 810 edesse
969 752 1002 810 P.
1041 753 1106 830 Syl·

55 847 96 905 laba
108 849 139 906 LI
154 850 209 906 uisa
227 858 268 906 est
285 865 346 906 esse
363 846 412 920 bl,
432 844 664 922 quemadmodum
683 845 712 901 in
729 844 809 902 t'astis
829 843 1047 923 Capranioorum
1065 845 1106 904 Xl
1198 903 1205 929 ι

55 939 85 996 lil'
97 941 162 1019 Sept.
185 941 254 1018 apud
279 941 378 998 Aldum
406 947 435 997 et
458 935 625 1015 lioggioium
651 937 744 996 editnr
769 938 862 996 BXl.
882 937 959 1012 RN,
986 957 1038 1015 pro
1069 957 1105 998 eo

53 1035 104 1110 qued
119 1035 222 1094 debebat
240 1049 301 1092 esse
319 1035 358 1092 Xl
376 1032 441 1092 EN.
480 1032 538 1090 Sed
562 1032 688 1110 inprimis
706 1031 730 1089 P
748 1051 801 1110 pro
819 1034 843 1088 A
862 1031 918 1109 legi
940 1032 970 1089 in
989 1032 1107 1108 procliui

53 1137 100 1184 erat.
122 1129 194 1186 lta'iu
206 1136 382 1187 monumento
401 1129 543 1202 Aramaua
558 1127 644 1183 tabl
663 1143 685 1181 a*
693 1123 767 1184 dext.
787 1123 999 1182 BASlLlCAM.
1010 1123 1106 1183 CON-

52 1219 195 1280 svntrtn
217 1242 267 1300 pro
287 1219 555 1280 CONSVMPTAM
576 1219 722 1293 legerunt,
749 1235 783 1276 ao
807 1218 933 1276 similiter
957 1217 1013 1276 duo
1038 1235 1107 1296 per-

54 1312 105 1370 docti
120 1315 289 1394 arohaeologi,
311 1316 460 1392 Dionysius
479 1311 727 1371 Halicarnasseusis
746 1319 775 1371 et
794 1310 916 1370 Orellius
935 1313 1107 1388 Turieensis,

53 1407 162 1484 aliqnando
179 1411 205 1467 in
223 1409 364 1468 ueteribus
382 1407 566 1466 monumentis
585 1408 713 1484 legerunt
731 1405 757 1462 D
772 1424 826 1484 pro
842 1405 876 1464 P.
910 1406 958 1466 llle
977 1405 1106 1466 DENAS

54 1517 88 1575 pro
101 1501 204 1561 PENAS
224 1509 251 1577 1,
270 1505 326 1576 683
352 1501 396 1558 bio
422 1502 450 1558 in
477 1501 571 1558 tabula
589 1499 760 1559 Amiternina
785 1502 843 1558 aeri
864 1501 950 1559 incisa
969 1499 1022 1557 boa
1043 1501 1106 1578 ipso

56 1594 309 1670 pugnaelersalicae
325 1595 371 1653 die
390 1613 443 1672 pro
462 1613 508 1670 eo,
528 1596 603 1674 quod
623 1604 712 1654 extat:
733 1593 896 1654 CAESCF
909 1593 1106 1654 PHARSALI·

57 1678 169 1748 invicti
183 1689 266 1748 edidit
282 1687 478 1746 PflaRsALt.
491 1679 659 1746 DEVlClT.
690 1689 774 1765 Atqui
795 1691 972 1767 promitteret
990 1707 1020 1746 se
1037 1688 1108 1747 fide·

56 1777 98 1836 liter
109 1781 160 1841 illud
177 1782 252 1841 radio
270 1783 442 1859 descriptum
462 1781 619 1857 exemplum
637 1791 795 1839 secuturum
816 1801 892 1854 esse,
911 1792 940 1840 et
958 1782 1017 1841 eius
1035 1783 1108 1841 rutib

55 1869 135 1932 beroae
149 1887 207 1954 post
223 1875 324 1935 dmiail
342 1874 525 1952 suspicionem
541 1873 673 1950 excludit,
693 1894 749 1952 quo
768 1875 799 1932 id
816 1893 850 1933 ex
866 1895 915 1933 usu
935 1869 1035 1933 latinae
1054 1877 1107 1933 lin·
1175 1935 1182 1952 ,

55 1982 103 2038 gnae
121 1969 207 2029 dietum
226 1969 430 2048 uideri‘possit.
468 1968 583 2025 Rectius
606 1968 645 2024 ita
669 1969 827 2046 interpungi
846 1970 958 2046 opinorr
987 1969 1108 2027 PHAR-

55 2055 277 2122 sitimvrclT.
308 2063 386 2120 Haec
399 2060 542 2136 bucusque
560 2061 685 2137 exposita
704 2079 817 2121 neeesse
836 2072 878 2120 est
896 2062 1019 2140 quemuis
1038 2062 1107 2120 edo·

54 2161 109 2210 mant
123 2155 152 2214 de
166 2157 318 2236 apographi
336 2154 462 2234 Pighiani
482 2170 593 2229 magno,
614 2155 787 2232 reliquorum*
801 2165 892 2213 autern
913 2156 988 2213 nullo
1007 2156 1107 2232 pretio,

55 2243 87 2300 risi
100 2250 135 2324 qui
150 2251 225 2309 ualde
243 2250 450 2328 superstitiosus
470 2257 519 2304 aut
544 2248 709 2323 suspiciosus
729 2249 781 2322 sit3
811 2249 877 2305 hinc
894 2249 976 2325 igitur
994 2248 1107 2306 iudicari

29 2339 30 2394 J
54 2335 108 2396 iubeo
121 2342 144 2399 ln
158 2345 275 2422 reliquis,
296 2359 369 2420 quae
385 2339 526 2414 differunt,
547 2341 608 2416 quis
623 2340 779 2420 deliquerit,
798 2342 821 2400 ti
840 2360 883 2400 res
898 2342 959 2420 ipsa
974 2360 1108 2419 unquam,
1129 2351 1134 2361 '

55 2431 105 2503 qlod
118 2435 153 2492 uix
169 2438 261 2512 credo,
282 2436 482 2494 dubitationem
503 2433 662 2490 admittant
680 2433 751 2494 Cum
771 2436 843 2512 prid.
862 2435 938 2494 Non.
957 2436 1042 2494 Febr.
1062 2436 1107 2493 lit·

55 2527 96 2576 tere
108 2523 266 2612 Nlomittitur
287 2529 465 2606 aFoggiuio,
487 2524 553 2604 quid
572 2525 646 2585 aliud
667 2546 727 2586 esse
745 2530 843 2606 possit,
863 2549 946 2608 quam
966 2529 1037 2587 illius
1056 2549 1108 2588 no·
1129 2535 1133 2542 '

56 2611 277 2699 aligon,.qoando
290 2621 377 2679 Aldus
392 2632 420 2680 et
433 2621 571 2680 Graenins
591 2631 652 2678 oum
667 2621 765 2700 Pigbio
783 2620 912 2681 saeiunti
939 2623 1014 2681 idem
1030 2623 1107 2700 Fag-

54 2704 113 2778 auius
127 2711 156 2770 tx
167 2713 213 2773 Kl’
227 2715 312 2772 biart.
332 2715 477 2772 Feralibus
494 2715 615 2772 litteram
634 2715 658 2770 li
678 2735 734 2773 non
753 2715 846 2774 addite
867 2733 998 2791 magnum
1016 2717 1046 2774 id
1065 2725 1109 2775 est

53 2793 191 2873 betunia
218 2827 250 2867 re
276 2809 347 2865 seitu
373 2807 540 2885 dignissima.
590 2803 722 2867 Tuentur
749 2809 823 2866 illam
852 2809 970 2867 litteram
997 2810 1109 2887 reliqui,

53 2883 166 2966 babuto
184 2901 381 2960 commentario
401 2899 472 2958 adeo
490 2900 623 2959 disertum
643 2903 828 2960 testimonium
848 2905 956 2980 posuitr
984 2901 1043 2961 dies
1061 2921 1108 2960 sa·

52 2999 92 3042 uu
105 2993 219 3064 mamam
238 3013 309 3054 satas
328 2994 362 3054 ob
381 2997 504 3054 redonet
521 2993 615 3067 fastos
632 2998 758 3072 aptiori,
784 3001 817 3052 at
839 2996 893 3052 sint
916 2998 1023 3072 primm
1040 2997 1109 3056 muri
1221 3043 1223 3050 .

54 3075 168 3157 domim,
192 3089 322 3162 Feralia,
348 3091 449 3147 Nonas
471 3091 611 3159 Martiae,
639 3088 737 3165 qartus
764 3090 860 3146 Veioai
887 3105 940 3146 ara
966 3088 1109 3146 dedioator

52 3169 92 3231 lib
105 3179 225 3255 Malas,
251 3181 349 3260 qaibm
368 3181 462 3241 Saluti
480 3183 509 3239 in
530 3181 670 3254 Quirinali
688 3179 854 3254 saratinum
871 3179 1009 3257 publioaru
1027 3178 1110 3255 fiebat
1171 3207 1173 3216 ι

54 3271 86 3322 tit
105 3271 156 3330 lloe
168 3293 200 3333 eo
213 3276 385 3336 commodius
399 3284 522 3349 notatur,
542 3293 603 3332 eum
623 3276 651 3332 in
670 3273 827 3350 fragmento
842 3274 1011 3333 Farnesiano
1026 3275 1110 3335 enam

54 3357 70 3410 θ’
80 3359 117 3422 dei
132 3377 194 3426 nota
214 3370 295 3428 desit.
334 3369 443 3428 Eodem
462 3367 545 3426 modo
564 3367 699 3426 Kalendis
716 3367 824 3426 Martiis
849 3378 942 3426 notam
961 3367 1013 3425 NP
1030 3367 1111 3446 Fug-

53 3447 108 3522 ΜΝ
123 3468 148 3516 et
165 3459 285 3522 Orellius
310 3465 396 3542 plane
420 3461 568 3536 omittunt,
594 3469 625 3518 et
643 3461 792 3538 Fogginius
818 3461 918 3522 eodem
943 3460 988 3518 die
1014 3479 1050 3519 ne
1074 3461 1112 3519 de

51 3537 100 3604 bu
112 3547 289 3616 Praenestinis
308 3566 435 3632 constet,
461 3553 572 3630 effecit,
598 3555 663 3632 quia
681 3557 709 3612 in
729 3556 856 3633 exemplo
876 3554 954 3613 radio
972 3554 1112 3633 descripto

51 3629 126 3713 Mill
143 3650 211 3726 lypis
229 3668 372 3730 expresso,
391 3648 466 3726 quod
484 3649 547 3725 plus
562 3650 731 3708 auctoritatis
746 3649 849 3707 babere
867 3647 997 3724 debebat,
1015 3647 1045 3704 N
1057 3666 1112 3726 po·
1153 3655 1157 3664 '

50 3730 92 3807 nit,
106 3753 149 3797 neo
166 3745 312 3822 quiequam
333 3743 449 3802 monuit.
490 3741 643 3800 Credamus
661 3744 745 3820 igitur
763 3750 875 3821 oportet
893 3741 1005 3818 reliquis
1023 3738 1113 3798 festo·

51 3835 89 3882 llll
102 3827 171 3891 Μεθ’.
196 3837 346 3896 editoribus
371 3844 401 3894 et
426 3833 516 3911 Pigbii
542 3837 632 3894 uerbis
657 3837 686 3894 in
713 3834 926 3894 commentarios
955 3827 1113 3892 antarmmi

50 3917 134 3986 aban
150 3929 292 3988 Kalendae
309 3931 437 3990 Martiae
454 3930 526 3986 inter
544 3947 638 3990 munos
655 3931 794 3990 boemia
812 3931 870 3988 NP
887 3929 1025 4003 insinues,
1046 3928 1113 4004 quia

52 4009 114 4073 llari
129 4026 152 4076 rt
168 4025 270 4082 lunoni
287 4025 411 4082 Mane
428 4021 604 4100 peculiariter
629 4041 728 4084 saurae
749 4029 834 4097 ranst,
857 4027 917 4080 tum
940 4019 985 4078 bis
1009 4035 1114 4096 quoquae

52 4101 189 4172 binoto
214 4121 242 4173 at
266 4113 430 4174 molliorum
454 4114 566 4187 fatuae
610 4115 653 4172 Ab
679 4113 751 4174 Atto
777 4113 854 4193 qnod
878 4112 958 4172 xlix
976 4113 1026 4172 ΚΡ
1044 4111 1112 4169 Mai.
1179 4129 1181 4136 ·

52 4185 112 4260 ¹·le
126 4209 292 4286 omittuntur,
306 4207 388 4269 iaeile
406 4207 566 4286 intelligitur
584 4208 613 4268 id
629 4209 821 4269 auctoritatem
833 4206 938 4268 babere
949 4223 1007 4266 uon
1017 4218 1111 4282 posse.
