2688 4680
205 271 315 322 cml!
519 269 521 276 '
684 263 728 314 D!
749 266 827 316 11919

203 441 266 492 rom
290 400 398 484 illorum
419 415 556 479 monuo
578 416 745 478 oumoritste
770 416 921 478 carminum
939 415 1138 494 Sibyllinorum
1156 436 1212 480 non
1234 422 1296 480 sais

203 523 328 578 oonslote
347 511 486 574 tamenin
505 510 557 570 illis
576 515 606 568 et
623 509 652 568 iu
671 509 781 570 Cereris
799 527 880 572 sacro
898 519 1015 590 propter
1031 529 1160 588 maetam
1177 512 1294 574 fatuum

203 609 278 670 idem
296 624 399 668 numen
418 603 533 665 diosmis
558 602 713 664 nominibus
739 613 928 670 consecratum
953 621 1014 664 esse
1039 613 1097 664 tam
1123 609 1295 686 estmirum,

201 722 288 782 quarn
309 699 472 761 uerosirnile·
920 693 925 702 ’

184 825 186 830 v
280 796 427 856 lunonis
446 789 610 870 cognomina
626 787 728 851 indicat
747 789 881 852 Ouidiuse
905 797 935 866 l,
954 789 1189 870 nicolaum,
1207 805 1240 856 ut
1258 798 1296 854 ui·

204 891 296 952 delur.
335 889 377 946 lta
395 886 468 946 enim
487 887 631 964 appellata¹
648 894 691 944 est
709 904 726 942 a
745 884 930 944 Laurentibus
949 893 1070 946 testante
1088 887 1229 946 Macrobio
1246 900 1296 948 sat.

205 988 280 1059 1,9;
293 983 341 1056 15,
360 980 435 1040 culta
450 981 571 1054 Romae,
592 987 659 1038 notu
678 975 755 1056 opud
766 977 898 1036 Etruscos
916 980 1079 1040 ooniioieote
1091 979 1224 1039 Muellero
1236 982 1295 1042 Etr.

194 1085 236 1155 '23
252 1078 360 1157 peel,
379 1075 427 1154 qui
445 1072 521 1151 quod
539 1075 575 1132 ab
596 1072 698 1133 Ouidio
718 1087 799 1134 sacra
817 1071 930 1130 lunonis
949 1071 997 1130 Kl'
1012 1073 1073 1132 lum
1091 1073 1164 1132 tradi
1181 1076 1296 1153 scripsit,

85 1193 92 1210 .
203 1171 324 1232 nonita
349 1178 400 1228 esi.
445 1170 516 1226 Cum
542 1167 618 1244 apud
642 1164 814 1224 Macrobium
832 1163 863 1220 ll.
883 1162 941 1224 ind.
961 1175 1078 1243 propter
1101 1168 1172 1226 istoc
1190 1169 1295 1230 lunonis

203 1273 304 1324 nomen
328 1270 357 1320 et
381 1279 482 1320 munus
501 1263 582 1321 lanus
602 1260 733 1318 Iunonius
751 1255 902 1318 secundum
922 1256 1076 1316 Varronem
1100 1258 1190 1320 dictus
1214 1263 1295 1321 tradi·

201 1368 260 1432 tur‚
279 1351 472 1431 intelligendus
493 1362 537 1412 est
552 1353 642 1414 coitus
657 1353 801 1429 utriusque
819 1351 937 1409 nominis
956 1352 1053 1430 aliquis
1072 1356 1231 1429 communis,
1249 1375 1297 1414 ou·

201 1451 245 1508 ius
263 1449 362 1507 indicia
380 1455 477 1508 extant
495 1447 572 1526 apud
588 1445 720 1505 Ouidium
736 1451 764 1520 1,
775 1444 831 1502 265
841 1460 883 1520 sq.
922 1443 1026 1502 Similia
1045 1456 1111 1504 sunt
1129 1447 1203 1524 apud
1222 1449 1296 1526 Virg.

202 1545 273 1602 Aen«.
285 1544 316 1617 7,
327 1544 498 1600 620-623.
528 1541 593 1600 Csr.
606 1539 721 1600 Seruius
740 1535 775 1594 sd
797 1558 825 1599 o.
839 1539 910 1598 610:
929 1537 1007 1597 Idem
1025 1539 1298 1612 (lanos)1unortiur;

201 1637 267 1698 iude
284 1635 397 1714 peikirc
409 1638 482 1694 ituro
499 1641 600 1712 portos
618 1634 726 1708 operm
743 1630 843 1690 dicitur
862 1639 891 1688 et
903 1631 939 1690 ad
955 1639 985 1708 2,
1000 1635 1074 1693 6103
1093 1640 1126 1692 ut
1138 1641 1236 1710 portos
1247 1640 1297 1696 ls-
1331 1651 1332 1660 ¹

201 1749 313 1799 mmo,
338 1746 459 1805 ortorum
484 1727 537 1786 duo
559 1733 614 1786 este
639 1733 706 1784 oum
724 1732 835 1803 portum
858 1725 970 1784 luminis
992 1726 1167 1800 noscentibus
1182 1730 1298 1805 molet.
1331 1711 1332 1731 ¹

200 1824 272 1883 luno
291 1821 405 1881 Sororia
425 1821 499 1878 culta
518 1830 561 1879 est
580 1819 730 1877 cumiano
750 1819 885 1892 Curiatio,
904 1819 1018 1897 Dionys.
1032 1821 1096 1878 Hal.
1110 1826 1140 1895 3,
1152 1827 1200 1880 22.
1229 1823 1298 1882 Pro·

202 1917 308 1976 nimum
327 1924 372 1972 est
389 1916 520 1990 Sospitae
544 1931 696 1992 cognomen
714 1917 745 1986 2,
759 1911 815 1987 56,
839 1930 857 1969 a
875 1912 1026 1970 Lanuuinis
1049 1924 1214 1990 acceptum,
1236 1917 1299 1974 uide

201 2005 375 2067 Ambroschii
393 2007 605 2086 disputationem
625 2027 653 2084 p.
665 2007 730 2080 184,
741 2007 807 2064 185.
840 2005 936 2064 Ferias
955 2005 1004 2066 luas
1018 2007 1066 2066 Kl‘
1081 2008 1216 2068 Febrnnr.
1233 2029 1299 2088 ueg-

107 2149 113 2159 .
200 2102 267 2162 lenit
284 2101 436 2160 Muellerus
456 2101 477 2158 1.
493 2097 551 2159 ind.
587 2101 709 2159 Dubium
728 2118 784 2157 non
806 2108 860 2173 est,
879 2100 944 2177 quin
965 2089 1152 2160 dedicationes
1170 2102 1300 2180 prudenti
1331 2112 1332 2154 l

201 2195 309 2255 dierum
334 2193 444 2254 delecto
469 2193 530 2252 lieri
556 2194 758 2253 consueuerint.
803 2191 877 2250 Nam
896 2195 1022 2252 Luoiooe
1043 2211 1156 2272 quoquc
1177 2214 1301 2274 sacrum,
1331 2195 1332 2210 *

199 2305 275 2364 quae
299 2286 376 2364 apud
395 2286 528 2346 Ouidium
548 2295 591 2346 est
609 2293 640 2360 2,
660 2285 841 2360 naa-4503
865 2291 895 2361 3,
914 2283 1076 2346 arr-258
1100 2290 1129 2347 iu
1148 2289 1191 2349 ΚΡ
1209 2290 1301 2352 Mart.

199 2380 305 2438 incidit.
344 2380 470 2440 Nominis
496 2379 690 2455 originatiooes
710 2378 862 2440 Ouidiaoas
880 2380 1002 2440 inuenies
1025 2380 1102 2457 apud
1123 2381 1258 2442 Vernis
1279 2385 1300 2445 1.

200 2458 273 2547 t'o,
291 2475 341 2548 19,
361 2475 409 2543 69,
427 2473 512 2532 Seru.
532 2473 551 2531 l.
571 2491 657 2550 supra
676 2473 746 2550 iod,
766 2475 886 2548 tertiam,
907 2489 981 2548 quae
999 2482 1042 2528 est
1060 2477 1090 2542 6,
1109 2477 1158 2548 39,
1176 2474 1300 2536 fortassis

200 2567 277 2644 apud
296 2567 383 2627 Laur.
404 2566 477 2641 Lyd.
491 2569 521 2641 4,
535 2569 586 2640 29,
606 2585 637 2644 p.
649 2569 719 2624 1862
744 2559 838 2629 Κατὰ
857 2561 892 2624 δὲ
911 2557 967 2640 τὴν
986 2556 1112 2642 πρώτην
1130 2566 1185 2626 τοῦ
1204 2565 1303 2645 Moo-
1331 2581 1332 2648 5

200 2655 276 2720 siau.
282 2655 382 2736 μηνὸς
391 2653 494 2736 Ἥραν
514 2655 626 2734 ἐτίμων
645 2651 736 2718 οἱονεὶ
755 2653 810 2736 τὴν
823 2650 960 2736 Σελήνην
978 2651 1033 2716 διὰ
1052 2653 1108 2736 τὴν
1126 2657 1301 2737 stopaulus.
1331 2691 1332 2716 l

199 2755 276 2814 Fieri
295 2757 371 2814 enim
389 2762 481 2832 potest
494 2762 526 2812 ut
540 2752 659 2813 Ouidius
679 2754 834 2813 meminerit
848 2755 959 2814 lunonis
976 2753 1103 2814 Gouclloe
1120 2753 1196 2832 apud
1217 2755 1301 2848 Varp.
1331 2743 1332 2836 5

199 2847 237 2907 de
254 2849 274 2909 l.
292 2849 311 2906 1.
328 2851 356 2918 6,
372 2850 421 2920 27,
441 2865 609 2924 quamquam
627 2848 777 2925 simplicior
797 2847 851 2906 loci
870 2847 1023 2906 intellectus
1043 2846 1071 2904 io
1093 2856 1227 2924 promptu
1245 2859 1301 2907 est.
1331 2859 1332 2918 5

199 2943 325 3004 Noruioo
342 2958 377 2999 eo
396 2941 424 2999 in
445 2941 508 2998 loco
526 2941 600 2999 idem
618 2940 782 3018 significent,
802 2940 877 3018 qnod
893 2939 1030 3014 titulari,
1044 2940 1116 2998 llis
1135 2941 1236 3000 taulus
1252 2961 1302 3000 se-

196 3033 305 3096 mtudus
322 3035 376 3094 hoo
393 3034 421 3092 in
440 3035 503 3092 loco
523 3035 562 3092 ita
582 3034 699 3109 dicitur,
718 3047 750 3094 ut
768 3053 863 3094 mmor
880 3033 1016 3093 murmur
1033 3031 1110 3110 apud
1129 3034 1208 3112 Virg.
1228 3038 1303 3096 Aen.
1331 3083 1332 3108 ,

197 3131 230 3201 8,
244 3131 293 3214 92,
313 3146 398 3186 sooro
414 3127 535 3186 seeundo
555 3127 630 3206 apud
651 3129 736 3188 Seru.
754 3130 824 3188 Aen.
845 3135 892 3198 ll,
906 3131 972 3196 739,
991 3126 1111 3185 seurrtdo
1128 3129 1204 3205 loqui
1223 3129 1303 3206 apud
1331 3115 1332 3210 5

198 3220 319 3280 Ennium
340 3223 415 3284 Geli.
436 3228 482 3292 12,
497 3224 527 3295 i,
554 3225 648 3280 omnio
670 3221 790 3282 secundo
809 3220 1004 3294 olwolrodienlio
1029 3222 1122 3279 nescio
1148 3223 1197 3280 ubi
1222 3221 1304 3300 apud
1331 3251 1332 3298 3

197 3313 370 3372 Sallustium.
411 3317 442 3374 ln
467 3315 600 3394 lupercali
623 3331 709 3372 sacro
727 3317 764 3372 ab
784 3313 886 3372 Ouidio
904 3319 934 3383 2,
956 3315 1013 3370 447·
1038 3316 1196 3391 putauerim
1216 3317 1305 3374 luno-

198 3423 263 3464 nem
277 3407 429 3480 Februlim‚
448 3410 529 3468 Paul.
543 3408 624 3467 Diae.
638 3407 727 3486 p.85‚
740 3409 785 3477 14,
805 3426 856 3485 pro
870 3407 976 3464 Lucina
990 3407 1184 3466 nominandam
1199 3410 1305 3468 suisset
1331 3401 1332 3476 5

198 3517 228 3556 u.
239 3489 297 3556 ’439
315 3509 393 3558 sooer
411 3501 503 3560 lirare
521 3500 652 3558 admouet
671 3500 782 3558 lunonis
800 3502 971 3578 Caprotinae
990 3497 1065 3576 apud
1084 3501 1166 3562 Varr.
1187 3503 1223 3562 de
1242 3504 1265 3562 l.
1281 3505 1304 3562 1.
1331 3483 1332 3544 i

197 3594 280 3664 6,16
300 3601 330 3648 et
349 3594 458 3650 amiculi
476 3593 588 3650 lunonis
607 3592 683 3668 apud
702 3593 792 3658 Cicer.
811 3595 848 3652 de
867 3603 926 3654 nat.
941 3593 1019 3652 deor.
1039 3598 1069 3666 1,
1083 3596 1134 3670 29,
1143 3600 1193 3656 82.
1228 3596 1306 3655 luno

197 3685 317 3759 11119616,
337 3682 437 3757 oum,
450 3689 499 3754 37,
516 3685 599 3746 Varr.
617 3686 653 3744 sr.
668 3691 716 3760 18,
737 3685 773 3748 de
789 3687 810 3746 1.
825 3687 844 3744 Ι.
856 3687 885 3756 5,
898 3689 947 3761 67,
970 3687 1044 3744 Veiis
1063 3699 1182 3748 euocata
1198 3689 1305 3750 nedem
1331 3685 1332 3744 l

197 3775 296 3837 habuit
315 3778 345 3835 in
365 3787 459 3838 moute
477 3777 627 3852 nummo,
643 3776 708 3838 utu.
726 3778 754 3844 5,
768 3783 823 3854 23,
841 3785 891 3854 22,
906 3785 934 3838 2.
974 3780 1052 3836 Haec
1071 3784 1237 3858 cognomina
1254 3783 1306 3840 lu·
1331 3783 1332 3820 l

196 3870 264 3926 noni
279 3869 377 3954 addita
394 3863 524 3930 uidentur
540 3880 604 3946 post
619 3873 802 3949 principatum
822 3872 898 3929 illum
912 3872 1111 3950 Capitolinum,
1132 3874 1191 3934 Oo.
1206 3879 1239 3950 6,
1251 3879 1306 3934 73.
1331 3893 1332 3908 ³

196 3961 282 4036 Quod
295 3972 383 4026 restat
395 3966 540 4048 Mondou,
557 3965 668 4038 6,]113,
686 3983 722 4022 ex
741 3965 952 4041 indigitamentis
966 3967 1114 4042 repetitum
1134 3971 1305 4046 putauerim
1331 3973 1332 3993 ¹

196 4063 225 4116 et
243 4073 387 4133 superesse
405 4047 439 4118 ex
459 4076 494 4116 eo
513 4066 652 4134 tempore,
669 4076 725 4134 quo
745 4059 856 4118 lunonis
876 4077 976 4118 nomen
996 4061 1126 4136 generale
1145 4073 1177 4120 ot
1197 4064 1305 4141 appel·

195 4146 322 4222 latinum,
341 4149 416 4226 quod
435 4150 545 4229 dieitur,
563 4151 632 4210 luite
658 4153 737 4210 ouius
754 4154 794 4216 rei
813 4152 942 4214 iodicium
963 4163 1008 4213 est
1028 4155 1103 4230 quod
1122 4155 1159 4214 de
1180 4156 1303 4216 lunoni·
1331 4201 1332 4206 1
