2688 4680
563 311 714 364 51555515
935 277 938 294 '
995 316 999 320 ·
1074 315 1177 366 ccmx

77 486 107 548 p.
119 463 189 543 96),
208 471 330 544 pateret,
346 461 597 526 deorom'iuierum
616 466 699 524 ianua
717 473 816 544 patere
834 457 1013 540 est'credita,
1035 467 1099 529 lrino
1117 487 1175 552 non

77 559 236 640 putauerim
252 559 384 638 consequi
396 559 586 618 Romanorum
604 559 641 620 de
657 558 699 618 dis
716 559 841 620 manibus
856 555 1077 640 superstitionem
1090 563 1176 623 Etru·

75 673 151 714 scam
171 655 265 731 potius
281 652 378 728 fuisse,
397 673 480 730 quam
495 653 625 725 Italicam,
644 653 763 734 fortasse
777 653 915 715 Latinam.
946 654 1080 716 Lemures
1096 656 1173 736 apud
1232 693 1234 704 ι

75 747 244 826 Appuleium
264 745 301 804 de
322 745 377 805 deo
396 747 574 826 Socratisp.
591 748 648 806 152
667 747 712 806 ed.
734 746 866 808 Oudend.
886 757 916 808 et
933 747 1100 808 Mastiacum
1119 751 1177 814 Cn·
1233 742 1238 762 ’

75 841 180 920 pellam
199 846 228 910 2,
249 842 269 899 9
287 841 502 918 interponuntur
520 832 615 900 subtili
633 840 731 900 borum
749 843 890 900 numinum
910 841 1087 917 distinctioni,
1102 862 1176 921 quae

75 942 169 1013 potest
188 950 249 993 esse
267 933 403 1009 Etrusca,
423 923 564 994 ettamen
583 937 673 1014 ipsum
694 953 794 994 nomen
814 921 925 994 nonnisi
948 937 1037 995 altero
1055 938 1176 996 manium

75 1039 124 1086 aut
144 1029 234 1085 minus
254 1029 445 1105 auspicatum,
464 1039 513 1088 aut
531 1031 689 1108 antiquius,
710 1028 768 1088 05.
786 1029 816 1102 5,
837 1031 907 1106 421,
926 1021 994 1106 425,
1013 1029 1078 1105 551,
1098 1031 1175 1090 culus
1216 1075 1218 1082 .

76 1123 239 1199 suspicionis
259 1141 315 1180 non
338 1120 417 1180 deest
435 1141 534 1199 eausa,
555 1123 689 1183 Sabinum
707 1123 825 1182 fortasse
842 1122 906 1183 luit.
944 1122 1065 1182 Penates
1084 1123 1177 1203 publi·
1231 1159 1234 1166 .

77 1235 121 1273 cos
143 1215 234 1282 Varro
253 1215 329 1293 apud
348 1217 452 1290 Arnob.
472 1221 501 1291 3,
522 1218 561 1276 40
581 1203 610 1276 et
628 1219 752 1297 priuatos
772 1215 899 1294 Nigidius
918 1215 1018 1275 ibidem
1037 1235 1072 1276 ex
1089 1219 1176 1278 Etru·

77 1310 117 1366 ria
137 1319 271 1387 repetunt
285 1309 403 1369 docente
414 1310 550 1370 Muellero
562 1315 651 1390 p:87,
670 1313 769 1390 quibus
788 1311 948 1386 ambagibus
967 1311 1034 1368 nilril
1052 1312 1176 1370 tribuen-

77 1401 142 1459 dum
169 1387 231 1460 asse
254 1403 491 1486 existimauerim.
513 1405 558 1464 De
576 1407 668 1464 Genio
694 1403 810 1481 posthac
833 1404 950 1462 dicetur.¹
988 1403 1075 1463 Lares
1093 1405 1176 1490 igitur¹

78 1513 108 1552 ex
123 1496 307 1553 Etruscbrum
327 1497 469 1575 disciplina
488 1497 595 1556 habitos
614 1499 699 1557 i'uisse
718 1497 848 1576 prodais
870 1499 1032 1556 animalibus
1051 1517 1086 1557 ex
1103 1497 1175 1557 inie-
1217 1531 1218 1536 κ

77 1589 110 1646 n's
128 1590 269 1646 reuocatis
288 1589 408 1646 ostendit
421 1589 571 1648 Muellerus
587 1596 618 1662 2,
638 1595 727 1668 pilo,
742 1595 794 1649 92:
814 1609 876 1650 eam
896 1593 1051 1670 opinionem
1070 1592 1175 1650 Roma·

76 1701 123 1740 nos
144 1689 257 1759 semper
278 1691 387 1740 secutos
406 1697 468 1743 esse
486 1686 597 1744 minime
616 1685 714 1760 credo,
734 1704 796 1743 cum
815 1686 875 1762 ipse
889 1686 978 1743 Varro
994 1686 1068 1764 apud
1085 1689 1175 1744 Arno·

77 1777 245 1850 11555511
267 1777 339 1833 iuter
356 1775 428 1836 hanc
445 1785 474 1835 et
493 1779 608 1836 alteram
628 1780 816 1855 graecanicam
836 1778 1021 1838 lraesitauerit.
1055 1780 1113 1839 Sed
1132 1789 1175 1838 ta·

76 1891 137 1930 men
165 1873 298 1948 temporis
322 1869 440 1928 decursu
463 1871 574 1930 demum
602 1869 756 1954 depositam
781 1873 926 1931 Etruscam
953 1875 1175 1950 superstitionem

78 1983 195 2039 censeo,
220 1964 286 2022 olim
314 1963 394 2021 altius
413 1974 576 2042 penetrasse
599 1967 627 2024 iu
652 1967 811 2045 religionem
830 1967 1000 2037 Romanam,
1025 1986 1107 2044 quam
1126 1985 1176 2025 ex·

78 2060 234 2139 pectauen't
260 2058 307 2136 qui
330 2057 484 2116 tralationis
511 2059 623 2118 modum
650 2061 832 2138 perspexerit.
879 2059 956 2118 Libri
981 2059 1075 2118 idonei
1099 2058 1176 2137 apud

81 2153 213 2212 Ouidium
226 2153 254 2222 5,
266 2157 320 2209 131
341 2161 370 2209 et
384 2152 473 2211 Varro
489 2151 524 2211 de
537 2154 559 2212 1.
569 2153 589 2211 1.
602 2154 630 2228 5,
640 2156 679 2211 74
697 2153 799 2211 (155551
817 2172 833 2211 5
853 2154 962 2213 Sabinis
980 2154 1052 2210 lares
1071 2169 1177 2229 cogno·

79 2249 151 2306 mine
169 2247 320 2304 Praestites
339 2255 368 2303 et
386 2243 547 2303 Larundam
565 2242 741 2304 consecratos
760 2265 835 2304 esses
860 2246 924 2303 lrinc
940 2245 1038 2322 igitur,
1064 2263 1099 2304 ex
1119 2263 1174 2304 una

78 2342 172 2400 lan'um
193 2359 253 2410 ara,
273 2358 335 2396 curu
355 2338 1027 2412 51115155155(115511511511510551515145,
1048 2349 1108 2396 1515
1125 2339 1174 2399 illa

78 2437 185 2514 publica
206 2444 236 2492 et
252 2433 361 2512 priuata
376 2431 471 2509 religio
484 2432 573 2492 fluxit.
604 2433 702 2492 Sabini
717 2452 784 2493 nero
797 2452 950 2512 cognomen
968 2433 1070 2491 laribus
1086 2432 1173 2492 Prae-
1206 2485 1208 2494 .

79 2531 183 2588 stitibus
202 2527 331 2585 iecerunt
351 2545 386 2586 ex
404 2543 456 2584 sua
475 2524 591 2584 deorum
609 2536 748 2586 certorum
768 2527 991 2602 nomenclatura,
1009 2526 1099 2604 ipsum
1118 2545 1174 2584 nn-

79 2643 149 2700 men,
167 2631 204 2682 ut
222 2631 251 2680 et
271 2621 335 2696 alia,
355 2628 523 2698 acceperunt
542 2621 578 2677 ab
597 2620 732 2697 Etruscis,
752 2623 809 2680 uid.
824 2621 920 2681 illiuell.
934 2625 964 2698 2,
983 2621 1077 2698 poe:
1096 2617 1175 2698 quod

78 2717 177 2776 indicet
196 2715 350 2775 doctrinam
371 2714 565 2774 abstrusiorem
586 2715 621 2772 ab
640 2716 736 2776 iisdem
754 2717 840 2775 luisse
858 2725 1043 2792 assumptam,
1061 2723 1175 2792 praeter

78 2809 228 2869 1511551155
247 2827 349 2868 nomen
367 2809 524 2868 hoeuoum
542 2811 619 2884 noui,
637 2810 713 2888 quod
725 2810 773 2868 ΚΡ
784 2811 876 2881 Maiis,
894 2827 950 2886 quo
965 2825 1059 2867 mense
1070 2808 1175 2866 Lemu-

78 2907 144 2964 ralia
162 2906 291 2978 luerunt,
312 2905 384 2962 lares
403 2902 552 2961 Praestites
569 2901 653 2961 ferias
672 2903 838 2961 habuerunt.
875 2902 966 2960 Varro
985 2910 1078 2961 tamen
1098 2899 1174 2980 apud

77 3000 181 3059 Arnob.
203 3001 230 3067 3,
250 3000 287 3055 41
313 2999 491 3073 antiquonum
509 2999 660 3054 sententias
676 3013 790 3074 sequens
807 2996 905 3056 laruas
923 3015 981 3055 esso
995 2992 1067 3052 *dixit
1084 2994 1174 3064 15555,

78 3098 158 3171 mosi
176 3089 312 3169 masadam
329 3094 432 3168 peruios,
452 3089 642 3164 defunctorum
661 3094 773 3150 animos
791 3099 971 3150 moratorum.
1004 3089 1066 3145 Hoc
1084 3096 1174 3147 totum
1218 3144 1222 3154 ,

78 3198 118 3247 est
137 3189 288 3246 Etruscum
308 3193 485 3263 mereturque
504 3186 633 3261 componi
652 3202 714 3242 oum
733 3203 777 3254 eo,
796 3184 871 3260 qnod
891 3181 1071 3239 aPlutarclro
1083 3181 1176 3249 ,111555

79 3283 208 3340 Genita
227 3279 340 3338 canario
358 3272 511 3353 sacrificio,
539 3277 616 3354 quod
635 3278 765 3338 conuenit
779 3295 845 3356 *cum
865 3274 921 3334 Ou.
943 3278 1097 3352 5.5,137,
1123 3277 1177 3334 coli

79 3375 189 3435 dieitur.
230 3371 402 3432 Crediderim
421 3371 620 3450 superstitionis
643 3372 716 3428 circa
742 3369 814 3428 lares
833 3371 984 3444 Etruscae,
1009 3387 1082 3447 quae
1100 3369 1177 3447 apud

77 3469 222 3527 Romanos
242 3473 364 3540 extant,
381 3465 495 3541 uestigia
516 3465 607 3522 omnia
633 3463 781 3526 reserenda
806 3482 866 3522 esse
891 3465 928 3522 ad
947 3463 1177 3546 Compitaliorum

78 3562 251 3623 cerimonias.
288 3559 333 3617 Ea
352 3577 414 3616 cum
434 3557 557 3615 instituta
575 3566 649 3627 sunt,
667 3558 726 3615 siue
743 3557 848 3616 sactum
862 3559 890 3616 id
905 3569 947 3617 est
962 3559 1090 3617 aSeruio
1105 3555 1177 3614 Tul·

78 3656 125 3730 lio,
145 3655 221 3712 Plin.
242 3673 271 3711 o.
291 3653 321 3712 b.
341 3655 390 3727 36,
410 3655 550 3727 15555,
570 3652 629 3708 siue
646 3669 664 3708 a
683 3653 836 3730 Tarquinio
856 3653 994 3732 Superbo,
1014 3651 1102 3710 Macr.
1122 3659 1177 3708 sat.

80 3753 107 3824 1,
125 3751 147 3808 7
167 3745 301 3821 sublim,
321 3746 386 3804 culti
405 3755 471 3804 sunt
489 3746 580 3820 lares,
598 3745 648 3802 sed
666 3755 778 3804 uetusto
797 3748 957 3805 Latinorum
978 3743 1178 3824 parentationis

81 3860 130 3919 per
148 3841 248 3900 oscilla
268 3841 333 3915 ritu,
353 3839 442 3898 111551.
462 3840 481 3900 l.
500 3840 571 3915 ind,
590 3840 668 3898 Fest.
688 3840 888 3918 5194115111,
908 3840 987 3898 Paul.
1008 3859 1037 3916 p.
1049 3844 1116 3914 121,
1129 3831 1178 3912 17,

83 3953 135 3992 555
154 3954 218 3992 cum
237 3933 342 4008 Mania,
361 3933 448 3992 Macr.
462 3935 482 3992 l.
494 3933 566 4009 ind,
585 3953 657 4012 quae
676 3952 694 3992 a
711 3933 839 3992 Varrone
858 3935 894 3992 de
912 3935 963 3991 1.1.
978 3935 1035 4002 9,6
1056 3944 1085 3992 51
1103 3928 1179 4008 apud

83 4030 188 4086 Arnob.
209 4030 291 4112 3,ss
312 4014 341 4086 et
359 4047 377 4085 a
395 4027 537 4086 Macrobio
558 4043 646 4087 mater
664 4028 773 4104 larium,
793 4046 810 4084 a
829 4027 913 4086 Festo
936 4045 1002 4084 uero
1022 4046 1051 4104 p.
1063 4027 1129 4100 129,
1141 4027 1180 4081 30

85 4122 206 4180 manium
231 4121 298 4196 (nisi
322 4121 396 4180 forte
416 4120 493 4199 apud
510 4111 628 4180 Paulum
647 4142 677 4201 p.
693 4125 761 4196 128,
777 4122 815 4178 10
838 4121 1010 4198 1511515515
1033 4120 1180 4177 tunnam

88 4215 277 4294 corrigendum
301 4219 357 4290 est)
379 4224 469 4276 mater
493 4226 542 4276 aut
567 4217 631 4277 auia
649 4226 775 4276 materna
799 4223 984 4300 nuncupatur.
1021 4213 1086 4270 -Hos
1112 4210 1180 4267 ritus
