2678 4668
321 359 328 370 ,
392 247 423 334 Ρ.
445 285 591 336 ΜΘῙΒΜ
612 281 753 336 ΡΠΜΝΒ
973 288 1123 338 &mvn

58 437 166 516 principio
175 434 270 512 libelli,
284 427 324 498 'de
338 455 396 515 qno
409 436 528 528 egimus,
546 437 583 498 nd
599 455 701 516 graece
714 435 791 496 Arati
807 437 971 498 uerbosum
985 448 1121 518 spectare.

58 531 222 606 trgmmtnm
239 530 324 607 igitur
338 529 408 592 illud
423 530 460 590 de
474 529 574 590 fabulis
587 530 776 590 astronomicis
794 530 881 591 tribus
893 529 1011 592 sortasse
1024 541 1121 593 aucte-
1201 541 1228 577 ,·
1288 605 1292 614 Ι

57 624 112 682 ribus
133 622 284 702 aequalibus
307 623 369 682 iere
396 623 528 684 traditum
553 623 703 698 babemus,
727 643 845 703 quornm
864 643 930 684 num
949 623 1066 686 Ouidius
1084 625 1121 684 ab

57 716 121 774 anim
140 715 200 794 qnid
223 725 364 776 mutuatus
387 718 442 791 sit,
468 731 521 796 pm
539 735 572 777 re
590 727 656 778 neta
681 717 863 795 ignorandum
882 726 942 791 est,
969 733 1020 775 neo
1039 717 1122 808 ualde

56 808 105 866 seire
120 809 219 868 attinet.
256 809 335 868 Arati
359 810 476 889 eiusque
501 811 683 889 interpretum
702 810 820 869 lectione
839 807 906 870 nihil
926 809 1121 868 tuncnidetur

56 898 116 958 inbre
130 900 309 979 frequentiore
329 919 413 981 quem
427 913 492 982 post
507 903 680 980 Ciceronem,
699 903 826 974 Cinnam,
845 903 878 962 Ρ.
892 903 1048 963 Varronem
1061 902 1121 979 ipse

57 989 143 1051 Ouidius
161 994 247 1055 uertit.

106 1085 133 1142 Si
155 1085 189 1144 de
206 1089 322 1148 Graecis
349 1089 501 1150 reiiciamns
527 1089 669 1170 paulisper
693 1089 903 1167 quaestionem,
926 1088 1119 1160 Romanorum

56 1185 100 1234 rote
119 1177 237 1238 Ouidium
264 1200 336 1242 unus
361 1182 533 1259 potissimum
560 1197 606 1240 res
632 1181 769 1240 eiusmodi
794 1183 892 1259 insigni
915 1179 1042 1240 doctrina
1066 1198 1119 1239 ex-

56 1281 170 1346 posuerat,
194 1273 227 1332 Ρ.
253 1273 382 1351 Nigidius
410 1274 537 1352 Figrdus.
580 1273 622 1333 N.
651 1274 770 1333 Terent.
796 1275 889 1336 Varro
913 1283 942 1333 et
966 1274 1004 1342 Q.
1024 1274 1119 1333 Aelius

58 1360 219 1426 Tuberonum
244 1366 282 1426 de
302 1367 403 1426 sabulis
422 1377 645 1428 astronomorum
661 1368 840 1445 scripserint,
866 1365 946 1426 ualde
964 1376 1008 1426 est
1025 1367 1119 1425 incer-

56 1461 105 1514 tunr
126 1461 282 1536 posterioris
296 1479 397 1520 nomen
422 1461 493 1520 latet
512 1460 588 1538 apud
607 1461 788 1538 interpretem
806 1460 921 1518 latinum
941 1461 1017 1518 Arati
1035 1477 1066 1538 p.
1078 1459 1118 1518 ba

55 1544 121 1624 buil,
142 1552 183 1610 nbi
200 1572 270 1631 pm:
301 1553 458 1630 oppdiotor
476 1552 604 1628 monae
621 1553 815 1630 nordgendnm
834 1563 877 1612 est
895 1553 1054 1631 appellum
1070 1569 1118 1612 rs-

54 1642 88 1712 tlt
102 1642 216 1706 lbbsrosi
240 1665 276 1706 ex
296 1646 370 1708 Plin.
390 1663 419 1704 n.
438 1645 468 1705 b.
488 1651 538 1722 18,
555 1649 605 1706 64.
650 1645 755 1724 Nigidii
780 1645 937 1723 fragmenta
962 1644 1074 1722 collegit
1092 1644 1116 1706 Ι.

55 1731 179 1810 fingemus
202 1742 230 1798 in
257 1757 322 1800 ner.
342 1740 432 1820 lectt,
453 1741 637 1800 nsuonnmioa
662 1738 728 1798 inde
751 1757 769 1796 a
794 1757 860 1817 pag.
874 1739 942 1798 275.
981 1735 1117 1817 ibiquod

54 1827 138 1899 pduum
154 1834 264 1909 ponitur
282 1851 321 1890 ex
339 1831 439 1892 Seruio
459 1832 497 1891 ad
515 1835 585 1892 Aen.
609 1837 658 1907 11,
680 1832 751 1890 715:
771 1831 903 1910 Negidius
922 1831 955 1890 de
972 1849 1037 1890 emo
1053 1871 1062 1889 .
1078 1870 1088 1888 .
1106 1869 1116 1890 .

54 1919 142 1980 Nmrt
156 1927 272 2002 morer
291 1935 361 2000 etc,
386 1936 483 2003 posset
507 1924 606 1986 referri
630 1925 667 1984 nd
693 1926 795 1984 librum
818 1925 1009 2000 decantetis,
1032 1941 1116 2001 quern

52 2011 124 2090 degat
137 2017 224 2096 Lydus
242 2019 280 2080 de
307 2027 408 2078 omont.
428 2038 454 2078 c.
469 2023 522 2089 10,
549 2019 655 2095 nbsqne
674 2019 760 2078 Gellii
785 2018 942 2079 testimonio
968 2021 999 2092 ³,
1019 2021 1057 2075 10
1078 2014 1116 2075 de

53 2108 140 2168 trabeis
160 2112 242 2172 stellis
269 2112 416 2172 erroribus
441 2129 460 2170 a
478 2110 591 2190 Nigidio
609 2111 687 2170 dictis
714 2119 798 2172 esset.
835 2109 962 2186 Reliquis
979 2127 997 2168 e
1013 2107 1116 2168 Seruio

52 2195 187 2277 iespbrere
210 2206 376 2284 graecanica
401 2214 430 2262 et
457 2204 601 2262 barbarica
628 2205 747 2278 enotatis
771 2201 858 2261 addes
883 2218 973 2276 panea
991 2201 1115 2262 uerbae

52 2289 117 2352 triba
131 2295 344 2374 Guelferbytnno
362 2296 444 2356 Seru.
465 2295 502 2354 nd
521 2313 567 2374 ge.
587 2302 616 2371 1,
630 2301 688 2356 218
713 2295 822 2374 prolata
839 2313 870 2372 p.
880 2294 943 2350 204
965 2292 1012 2352 ed.
1031 2292 1114 2354 Uen.

51 2382 107 2448 tm
124 2405 138 2446 e
153 2390 268 2468 sphaera
291 2391 408 2467 utraque
432 2390 572 2466 interpres
596 2389 697 2448 latinns
715 2387 792 2446 Arati
816 2387 955 2462 seruauit,
981 2385 1114 2446 differunt

51 2474 152 2542 obeditis
173 2495 372 2561 menumquam
396 2483 425 2542 iu
451 2481 547 2542 codice
565 2482 701 2542 Parisino.
745 2479 870 2538 Fabulae
887 2473 998 2558 Scorpii
1024 2500 1055 2558 p.
1070 2483 1111 2544 44

50 2564 106 2628 tut
121 2585 146 2634 et
161 2575 270 2640 Orionis
291 2597 320 2656 p.
330 2580 369 2634 77
388 2577 595 2656 coniunguntur
611 2575 698 2656 priori
716 2575 794 2632 locor
815 2569 894 2631 mone
906 2573 995 2634 Cbins
1012 2573 1112 2654 appel·

51 2658 100 2720 Nu
116 2668 279 2750 dbdippmm,
303 2670 467 2730 mmmmm
494 2687 613 2752 repom
631 2669 826 2742 Palionenses,
846 2665 902 2724 uid.
921 2665 1036 2742 Dionys.
1057 2684 1112 2745 pe-

49 2754 96 2832 r'og·
110 2780 133 2818 u.
144 2765 195 2824 bib
211 2775 242 2826 et
253 2763 362 2824 Bernb.
380 2782 410 2841 p.
422 2765 489 2821 671.
527 2753 591 2822 Rex
604 2762 789 2820 Ilistoniorum
804 2759 928 2818 unam·
943 2759 1131 2826 nominatur..

49 2844 70 2904 ln
84 2849 173 2932 irgine
197 2870 225 2918 et
243 2858 371 2918 Geminis
394 2853 551 2916 insanabilis
564 2853 668 2935 'prope
688 2865 731 2916 est
749 2853 893 2912 barbaries
917 2851 1027 2912 codicis.
1065 2851 1113 2911 De

48 2933 116 3002 ¹³⁰oe
127 2949 196 3024 μω
208 2951 244 3010 Β.
264 2950 356 3010 codex
374 2952 432 3010 itas
447 2952 558 3025 Nipirs·
567 2947 654 3022 refert
670 2947 742 3006 boon
760 2945 864 3008 bouem
881 2947 1017 3007 sobitum
1033 2942 1111 3022 onttd

49 3029 116 3096 ¹terro
129 3044 200 3102 iscro
215 3047 330 3104 iusseris
347 3042 387 3102 od
399 3042 518 3104 bmmlie
536 3045 651 3102 eritirm
665 3040 859 3119 dimissumque
877 3036 952 3098 oum
971 3055 991 3096 o
1009 3039 1113 3098 summ

48 3125 67 3180 5⁸
80 3135 161 3194 Mors
176 3135 322 3196 orondiom
341 3133 372 3210 [Ι.
391 3135 562 3213 Argolicum]
582 3135 613 3194 io
629 3137 767 3210 rspiorrcm
784 3147 905 3200 amoeno,
921 3132 952 3188 in
970 3146 1026 3205 prro
1043 3145 1110 3208 rpo-

31 3214 127 3282 *iram
140 3246 202 3299 mac,
216 3227 269 3310 *sbi
287 3228 332 3287 bio
351 3229 392 3288 ico
411 3231 503 3288 eicon
517 3233 695 3295 mmrorotoo,
714 3227 782 3301 noio
800 3223 868 3282 mibi
885 3221 985 3295 Nereo
1002 3222 1111 3284 smtm

46 3309 114 3386 lucit,
128 3322 225 3382 ombria
242 3322 376 3400 proximis
396 3323 504 3381 uerbisr
529 3339 613 3398 moro
633 3313 746 3395 quidam
764 3313 888 3394 Apbriso
906 3313 1016 3388 dinoot,
1034 3331 1109 3392 quoe
1131 3387 1133 3392 ¹

46 3402 131 3470 Nitor
145 3415 313 3494 irrepserunt
332 3401 366 3474 er
382 3417 455 3492 Hyg.
468 3413 527 3474 sab.
541 3417 589 3471 30.
618 3411 723 3470 Parens
743 3405 778 3467 de
796 3407 879 3467 Luna
895 3407 1002 3466 nutrica
1020 3408 1109 3468 multa

46 3493 103 3560 drus
117 3518 292 3568 insonuerat
310 3519 340 3568 et
358 3507 571 3576 emendnueratr
594 3507 777 3572 montenonis,
795 3519 866 3579 quoe
885 3499 1019 3564 Bembina
1036 3517 1065 3562 o·
1082 3496 1109 3580 f,

45 3589 79 3648 ut
96 3608 173 3664 mo
197 3602 415 3690 mmflmrmm
433 3601 579 3680 marm
603 3596 716 3672 armar,
740 3612 775 3654 ex
793 3594 888 3656 suan.
906 3597 939 3668 s,
957 3595 988 3667 a,
1007 3611 1036 3670 p.
1048 3595 1107 3649 210
1157 3654 1161 3666 ,

46 3679 442 3774 Tndn.‚sragm.1¹mymidts
463 3692 539 3772 apud
558 3690 648 3750 Gaios.
664 3699 739 3768 poet.
759 3707 801 3768 gr.
823 3689 889 3746 min.
909 3686 1107 3762 cap-²1⁰2
1207 3769 1209 3776 ‚

44 3781 92 3838 ΙΙ8·
102 3783 141 3850 od.
155 3787 231 3868 Lips.
252 3789 372 3852 Porsen.
392 3787 480 3863 zib.
499 3783 611 3862 quidam
624 3782 816 3862 Amphitrotoo
833 3778 949 3838 Wessel.
969 3777 1006 3834 ad
1020 3774 1105 3834 Diod.

46 3869 106 3940 ⁴2¹¹·
129 3878 265 3944 loTauro
278 3884 355 3963 prbis
364 3881 399 3940 B.
420 3879 554 3942 indevotam
569 3879 598 3944 in
614 3875 713 3956 ammte
726 3876 852 3954 cassiopi
867 3871 1000 3934 bsdootcnt
1018 3867 1107 3934 codex

46 3957 112 4028 babes.
141 3973 221 4034 Venit
245 3978 277 4036 in
294 3985 413 4036 mentem
432 3969 632 4032 Asmlooitidis
653 3971 775 4030 Verteris.
813 3969 844 4026 ln
864 3967 958 4028 Ariete
976 3974 1041 4043 post
1059 3981 1106 4039 ea,

46 4071 96 4130 llil
116 4065 267 4148 innrdgsri
291 4069 413 4134 editione
431 4087 461 4150 p.
473 4069 510 4126 er
525 4063 561 4126 B.
579 4065 631 4122 sub
650 4061 757 4139 Nigidii
782 4061 892 4124 nomine
915 4057 1107 4141 proferuntur,

47 4152 109 4218 Q
122 4161 208 4228 adde
238 4163 354 4230 domato
372 4169 405 4226 ot
421 4160 549 4242 superios
564 4161 671 4241 scripto
688 4162 754 4222 susrt
771 4153 871 4234 essert.
906 4153 1017 4231 Scripta
1036 4163 1108 4208 nero
