2688 4680
500 299 584 349 oran
605 301 707 351 ranna
1042 275 1174 360 oouun'

55 450 213 531 aomo
231 450 410 531 paeonum
430 449 467 512 te
486 451 552 532 agn
571 455 641 514 aaut
660 453 765 514 urnam
779 453 901 516 vuum
914 439 982 517 Μαί.
1000 465 1031 520 a
1048 458 1085 522 ue
1099 459 1152 522 aa·

54 545 168 622 optione
191 544 254 634 eina
280 543 322 605 Vl
338 544 385 604 Kl'
405 547 478 621 lum,
503 566 577 626 quae
600 559 693 608 mmen
717 557 886 609 annotantur
908 551 937 616 ia
961 550 1041 614 taus
1063 553 1151 618 Prae·

54 636 165 696 nentinio
190 645 220 696 et
237 637 423 696 Amtnrntntn.
468 641 512 699 De
531 641 704 700 Concordiae
727 642 754 700 in
780 659 846 702 arne
869 641 956 718 aede,
984 645 1048 706 uide
1064 666 1151 728 nupta

54 747 83 808 p.
93 747 165 805 nn,
183 728 222 788 de
240 729 354 790 Athenin
372 730 460 809 captia
478 732 525 791 ΚΡ
544 733 630 794 Mart.
649 751 671 792 a·
686 734 778 811 Sulla,
797 735 853 794 uid.
871 736 1094 816 plausuum,
1113 740 1151 803 de

53 823 154 884 saun
172 823 265 888 unua
283 823 423 903 mumpuo
444 823 574 910 arnano
594 827 665 906 pau.
682 827 731 886 m
744 827 809 902 uua,
828 825 917 886 orent.
934 830 1020 890 anan.
1039 850 1068 891 n
1079 836 1149 911 om,
1176 819 1179 828 “

53 917 102 978 nir.
121 917 177 975 Dio
193 917 274 976 Cara.
287 918 336 989 ut,
349 919 399 992 24,
418 915 562 978 interdum
582 931 625 979 ert
643 922 785 979 arbitrium
803 919 899 981 inisse.
935 921 981 982 Da
999 923 1070 983 ludit
1089 927 1150 986 llo·

53 1010 124 1070 nuria
151 1020 182 1070 et
200 1011 316 1070 Virtutis
339 1029 424 1088 rnpra
449 1011 508 1070 dixi
525 1032 555 1089 p.
570 1031 647 1088 xux,
672 1012 709 1072 de
727 1013 837 1074 Hilariia
854 1031 886 1092 p.
902 1033 1066 1077 onxxrru.
1104 1020 1149 1080 Da

53 1104 252 1182 Compitalibus
266 1104 359 1162 uernis
378 1123 451 1182 quae
469 1107 624 1191 suapioatna
641 1123 703 1164 num
722 1126 752 1185 p.
763 1122 851 1184 nuru,
871 1107 901 1166 id
920 1109 1005 1168 ouiuia
1025 1111 1150 1172 indican-

52 1196 115 1254 dum
135 1196 274 1274 relinquo.
313 1195 387 1254 Nam
410 1201 434 1258 si
458 1199 554 1260 dixero
581 1198 664 1258 etiam
689 1199 746 1258 eiua
765 1199 828 1258 libri
845 1209 910 1277 port
929 1205 958 1261 ui
970 1206 1027 1262 378
1045 1201 1148 1284 aliquid

53 1289 184 1350 excidirae
203 1288 293 1349 uideri
311 1301 431 1369 propter
449 1310 547 1351 uocem
566 1292 803 1365 conseruent,
828 1290 884 1351 uid.
905 1293 1008 1354 lleinaii
1027 1305 1055 1356 et
1072 1297 1148 1357 Bur·

51 1384 143 1444 manni
163 1392 309 1456 annotata,
326 1393 356 1442 et
374 1388 404 1459 3,
417 1387 485 1455 442,
499 1387 556 1443 tta
575 1395 687 1463 poetam
706 1385 866 1462 parturiiaae
879 1396 986 1448 monteo
1005 1397 1034 1448 et
1051 1390 1148 1468 gigan·

51 1475 215 1536 amachium
238 1475 315 1536 illam
339 1476 499 1536 iamdudum
517 1478 657 1551 debitam,
685 1495 741 1536 am.
760 1483 792 1553 2,
807 1485 837 1553 1,
853 1484 901 1554 11,
920 1490 1013 1539 natam
1032 1481 1150 1544 ridicula

52 1589 180 1648 uptam,
204 1577 234 1628 et
252 1568 284 1644 4,
295 1569 459 1630 nte-ant
476 1589 527 1628 oea
550 1588 646 1630 uersus
666 1589 722 1630 non
740 1589 802 1630 aare
819 1567 906 1630 multo
922 1571 1058 1654 prandiam
1076 1593 1147 1655 opor

49 1666 173 1742 quinque
191 1663 318 1722 ueniunt
337 1664 386 1739 qui
405 1663 584 1740 praecedunt,
607 1681 641 1720 ao
658 1665 689 1738 6,
703 1665 759 1722 149
777 1664 899 1722 similiter
917 1667 1040 1742 promitti
1059 1668 1147 1730 uident

50 1758 140 1836 plora,
161 1774 246 1834 quam
261 1756 409 1832 praestari:
430 1755 526 1815 audire
543 1754 654 1814 iamiam
669 1756 767 1816 uideor
782 1757 916 1835 quosdam
933 1759 1082 1820 *iurarado'
1099 1779 1147 1822 re·

50 1849 205 1910 nonditiora
224 1849 362 1926 elegantia
385 1848 477 1926 daque
494 1848 590 1906 surore
608 1851 728 1927 poetico.
768 1850 858 1909 Velim
876 1871 951 1910 nune
968 1854 1054 1931 relegi
1073 1873 1147 1932 qnae
1221 1869 1224 1874 ’

48 1961 133 2021 nupta
145 1942 223 2000 diota
234 1951 300 2000 nunt
319 1961 349 2018 p.
359 1961 482 2016 nxxm,
496 1961 603 2002 nxxav
623 1955 652 2002 et
670 1943 766 2022 quaeri
784 1943 821 2002 ab
838 1947 1003 2023 unoqnouia,
1023 1949 1146 2025 possitne

49 2055 140 2096 aarum
160 2033 326 2092 mirabilium
344 2035 515 2094 oommodinr
534 2053 617 2094 cauea
640 2038 773 2112 inueniri,
798 2055 881 2115 qoam
906 2037 982 2115 quod
1007 2039 1036 2096 in
1060 2041 1147 2100 inter·
1232 2067 1235 2076 ¹

50 2141 132 2208 rupto
161 2145 249 2206 opera
272 2127 527 2205 deprehenduntur.
566 2128 684 2188 Possunt
707 2129 794 2186 multo
819 2130 900 2207 plura
922 2129 1056 2208 proferri,
1082 2132 1146 2207 nini,

49 2224 113 2302 quia
136 2221 178 2282 de
201 2221 294 2298 opor-ia
317 2221 478 2280 oondioiona
504 2231 569 2281 ante
592 2241 672 2280 auum
691 2222 801 2280 exilium
826 2223 913 2280 relicti
938 2229 1023 2300 poeta
1046 2224 1074 2282 in
1093 2225 1146 2285 illia

49 2315 315 2376 autumantium
334 2314 471 2392 loquitur,
498 2312 699 2372 subsistendum
725 2313 800 2372 foret
823 2315 852 2372 in
874 2332 947 2372 anon
966 2316 1002 2374 V.
1022 2316 1057 2375 C.
1076 2319 1145 2378 761.

50 2407 156 2468 veron
181 2425 278 2466 eorum
303 2425 432 2466 uersuum
459 2408 540 2464 tertio
567 2406 698 2482 seriptum
720 2405 853 2465 santorum
876 2427 946 2487 opus
971 2407 1071 2490 dicitur
1093 2407 1145 2470 aab

48 2505 158 2562 mian
184 2500 315 2579 Augurii,
344 2510 374 2558 et
399 2517 434 2559 ne
458 2500 520 2578 quia
547 2507 691 2576 arguantur
716 2498 990 2576 detruncatione,
1018 2503 1145 2581 Angusto

48 2603 196 2658 nomon
213 2594 307 2652 tuine.
336 2592 477 2672 Numquid
493 2611 560 2674 quo
575 2593 742 2652 Germanico
755 2593 820 2652 olim
835 2613 890 2654 non
904 2594 957 2653 fuit
974 2595 1144 2673 inscriptum,

49 2699 77 2748 at
88 2687 177 2748 undio
190 2683 328 2748 maturi
347 2687 389 2744 lta
401 2689 485 2765 plane
497 2688 632 2790 existimo,
650 2695 678 2745 et
687 2687 918 2764 quemadmodum
931 2690 958 2746 in
971 2689 1041 2747 libro
1053 2689 1144 2767 primo

47 2782 112 2842 nihil
130 2781 245 2855 inueni,
263 2780 340 2858 quod
358 2779 540 2856 derideretur,
561 2781 764 2856 inscriptionem
783 2800 895 2859 quoque
912 2782 951 2840 illi
968 2783 1143 2860 potissimum

47 2875 220 2949 umnam,
240 2874 362 2953 rdiquoa
381 2874 518 2951 quinque,
536 2874 559 2932 ai
578 2891 662 2930 uuum
682 2872 772 2932 locum
792 2875 927 2952 excipias,
947 2877 1064 2953 scriptos
1082 2891 1143 2934 aare

46 2968 81 3026 ad
99 2971 278 3045 Angustum,
302 2967 458 3044 eodemque
475 2966 558 3024 hodie
576 2983 637 3024 eoae
655 2975 746 3040 atatn,
771 2966 959 3043 quo-suerunt
976 2985 1049 3028 anno
1068 2969 1142 3026 7622

45 3061 80 3120 de
94 3061 193 3120 nerbia
211 3061 326 3138 singolin
344 3080 362 3120 a
380 3078 425 3118 ma
444 3060 573 3120 rentitntia
592 3059 645 3118 hoo
657 3077 719 3118 non
732 3058 840 3119 dieitur.
868 3059 975 3118 Locum
993 3061 1070 3118 illum
1088 3059 1143 3118 iam

46 3171 118 3212 nono
138 3154 273 3226 amotione
297 3163 339 3212 aot
357 3157 389 3229 4,
404 3159 457 3214 813

181 3244 329 3306 Sulmoaio
344 3247 436 3324 palidi,
455 3247 574 3326 pultine,
596 3248 770 3321 Gantnoioo,
789 3251 917 3304 nostroe:

225 3342 278 3400 Mo
294 3344 433 3412 murnum,
452 3340 579 3413 sonito
598 3359 682 3418 quom
699 3338 798 3417 promul
816 3339 866 3398 illu
883 3336 944 3398 uolo
963 3336 1021 3398 ant!

182 3435 260 3508 Eupo
280 3453 339 3511 ope,
358 3442 416 3494 tom
435 3434 534 3508 loopno
551 3433 599 3492 aod
615 3437 765 3511 annotinae,
779 3436 878 3502 Mona,
897 3430 1038 3508 querolum

225 3530 295 3588 Non
314 3528 446 3588 illinunt
464 3533 571 3586 mutato
589 3544 673 3585 anuto
691 3524 814 3586 ouaondu
833 3524 904 3598 luto.
1061 3528 1065 3535 ’
1132 3516 1134 3520 ’

43 3615 120 3680 Sunt
138 3618 215 3681 haee
234 3622 361 3699 proiecto
373 3623 476 3699 scripta
492 3629 617 3704 tempore
634 3619 717 3694 longe
731 3616 841 3675 dinemo
857 3618 893 3674 ab
906 3635 950 3689 eo,
968 3616 1045 3696 quod
1059 3616 1144 3695 paulo

44 3723 110 3772 ante
131 3713 275 3792 danurlpn'a
287 3725 317 3774 ot
335 3715 397 3773 looo
416 3714 483 3788 alio,
501 3729 584 3789 quam
600 3711 647 3789 qui
666 3711 907 3784 indicaturam:
927 3709 989 3768 indo
1000 3709 1073 3784 urbi,
1094 3707 1145 3770 cfr·

42 3804 176 3868 Bentlei..
188 3808 281 3886 praef.
300 3807 337 3866 ad
355 3807 450 3866 Marii
469 3825 547 3883 px,
567 3815 616 3864 aut
634 3806 664 3878 6,
676 3807 711 3863 92
736 3821 831 3862 aanor
856 3801 998 3862 nrbmidua
1021 3802 1144 3872 danaum,

42 3899 94 3958 cfr.
113 3901 203 3960 Pont.
223 3906 251 3971 3,
273 3907 301 3977 1,
322 3903 369 3976 19,
389 3901 460 3958 trist.
480 3891 653 3974 3,‘10,75;
676 3903 724 3971 12,
745 3899 791 3956 16.
830 3895 917 3956 Plane
940 3897 1022 3973 igitur
1043 3893 1144 3956 eodem

40 3993 131 4054 nodo
149 3993 244 4059 iudico
264 3993 300 4052 de
323 3992 365 4050 luia
389 3993 528 4066 uorsibus,
554 4000 638 4068 atque
656 3989 806 4046 Muellerus
830 3987 866 4046 de
889 3989 998 4066 aliquot
1012 3987 1145 4046 Varronis

42 4085 78 4146 de
99 4087 123 4148 l.
144 4084 168 4146 l.
186 4087 252 4146 lnoin
270 4086 361 4165 prael.
380 4105 412 4163 p.
427 4103 492 4144 ann
517 4093 545 4143 et
563 4081 790 4171 minuunturque
808 4080 880 4140 Liuii
899 4081 979 4141 lint
997 4100 1024 4139 o.
1035 4084 1075 4137 20
1092 4098 1144 4158 po-

41 4181 169 4240 nemra
185 4189 265 4258 parte
284 4180 347 4238 hiat.
363 4177 418 4238 Ro.
437 4184 469 4255 2,
489 4197 519 4256 p.
531 4177 589 4236 517
605 4194 673 4236 anm
688 4183 736 4253 11,
762 4174 839 4235 otto
863 4173 934 4232 hano
957 4183 1022 4232 aunt
1046 4173 1145 4232 nerbaa

81 4289 326 4351 oaruanaag.
589 4333 593 4346 ,
881 4267 909 4326 R
