2678 4668
194 302 347 356 emma
579 301 624 383 υς
644 303 784 354 seorsus
804 302 916 356 sacms

182 461 297 524 atonem
315 451 462 534 omittens
474 451 540 516 satis
559 454 632 518 edm
650 457 763 537 copiosa
779 455 886 519 dante
904 473 934 518 u.
953 454 984 516 d.
1004 454 1283 522 Vratblaulss'slsre·

193 557 265 618 tuba.
303 553 461 631 Templum·
473 551 557 629 igitur
573 549 678 609 Vestae
695 551 723 607 iu
741 549 805 608 foro
823 550 903 629 pouit
919 551 1068 627 Dionysius
1085 557 1116 630 2,
1135 552 1187 612 libr
1205 571 1223 612 e
1240 572 1282 612 re·

192 647 275 726 mone
295 646 392 725 templi
410 642 573 723 Vespasiani
591 652 621 702 et
634 642 807 702 Concordiae
823 643 930 704 Statius
948 644 1009 703 silu.
1023 645 1160 721 l,1,ab=
1178 646 1206 704 iu
1224 647 1282 704 imis

191 739 329 798 radicibus
355 737 473 802 Palatini
498 737 598 796 montis
618 735 747 796 Horatius
772 755 856 796 carm.
879 744 907 813 1,
924 744 954 814 2,
972 741 1020 802 lli.
1058 738 1166 798 Atrium
1183 739 1284 798 Vestae

191 821 261 911 quid
276 833 362 892 luerit
382 829 505 900 aedilicii,
525 831 553 888 in
572 848 629 909 quo
642 830 768 889 Vestales
784 828 921 890 habitasse
939 839 1046 891 mactat
1063 850 1099 892 ex
1110 832 1185 891 Gell.
1197 837 1225 907 1,
1236 837 1283 905 12,

189 923 265 984 Plio.
284 943 352 1002 epp.
371 925 402 998 7,
422 925 470 995 19,
497 923 619 1002 inprimis
637 923 779 1001 temploae
797 931 946 982 astructum
970 925 1056 984 luerit
1073 944 1179 1001 mene,
1204 935 1284 985 uetus

190 1026 233 1076 est
251 1018 293 1076 lis.
332 1013 524 1076 Ambroscblus
541 1016 697 1076 adhaesisse
714 1017 806 1095 patim
826 1017 962 1076 existimat
980 1037 1010 1097 p.
1025 1019 1075 1094 ab,
1094 1021 1132 1078 36
1149 1027 1179 1077 et
1195 1035 1284 1096 propa

190 1101 307 1171 ¹ridicule
326 1108 394 1169 illud
413 1129 469 1168 uon
488 1118 565 1186 aute,
583 1109 633 1170 sed
652 1128 727 1189 poue
744 1105 878 1188 templum
896 1109 988 1189 (quod
1001 1129 1020 1169 a
1033 1111 1096 1171 loro
1112 1109 1215 1170 aditum
1233 1110 1283 1170 lsa-

188 1204 280 1263 buisse
292 1221 405 1262 recma
418 1207 475 1279 est)
494 1204 572 1283 ponit
590 1222 621 1283 p.
633 1202 699 1274 tus,
715 1203 753 1261 ob
767 1219 879 1260 eausam
895 1219 978 1280 quam
998 1204 1142 1282 intelliges.
1180 1204 1282 1264 Vemm

189 1297 281 1365 nullus
301 1305 380 1356 uetus
405 1299 523 1376 scriptor
540 1297 647 1378 Atrium
673 1315 735 1354 cum
760 1295 865 1373 templo
885 1295 988 1356 Vestae
1005 1299 1182 1356 coniunctum
1199 1297 1284 1359 fuisse

187 1389 295 1449 disertis
316 1390 406 1448 uerbis
425 1389 508 1448 disits
528 1389 562 1449 P.
576 1390 681 1449 Victori
700 1409 756 1468 quo
775 1390 835 1446 iure
853 1390 1012 1468 quicquam,
1031 1399 1060 1449 et
1078 1391 1193 1449 multum
1211 1390 1283 1450 adeo

187 1499 273 1562 saepe
291 1485 411 1558 tribuat,
434 1483 535 1541 uiderit
554 1483 763 1542 Ambroscbiuss
793 1481 926 1540 ldartialls
944 1493 974 1541 et
992 1483 1142 1543 Herodiani
1160 1485 1283 1544 mmo·

104 1565 108 1588 '
186 1577 239 1637 niis
263 1595 322 1637 rem
345 1575 444 1635 confici
458 1583 540 1634 certe
565 1593 617 1636 neo
635 1577 695 1655 ipse
719 1574 850 1634 credldlts
876 1575 1024 1652 Dionysius
1042 1596 1111 1636 uero
1132 1596 1193 1636 cum
1212 1577 1281 1637 dicit

113 1727 115 1736 Α
140 1741 142 1752 1
186 1671 313 1731 Vestales
325 1670 426 1748 degere
445 1661 530 1745 nupti
549 1669 588 1750 τῇ
603 1669 680 1752 θεῷ,
700 1661 779 1728 abac
798 1662 842 1726 δι’
859 1659 977 1748 ἡμέρας
987 1664 1046 1747 μέν
1060 1661 1162 1740 οὐδεὶς
1176 1661 1284 1748 ansb·

184 1781 271 1842 ysces
289 1763 350 1822 τῶν
367 1756 564 1839 βουλομένων
583 1759 722 1838 εἰσιέναι,
749 1753 869 1840 νύκτωρ
894 1759 930 1821 di
948 1755 1047 1823 odissi
1067 1763 1128 1823 τῶν
1145 1756 1282 1844 dapibus

184 1853 289 1934 θέμις,
307 1876 420 1917 necesse
436 1864 489 1933 est,
508 1847 639 1936 loquatur
653 1858 689 1917 ds
708 1858 762 1916 alia
783 1873 814 1916 ra
833 1873 870 1916 ac·
885 1857 922 1916 ds
940 1863 1044 1936 templo
1057 1859 1169 1918 Vestae.
1195 1858 1283 1918 Extat

71 1972 76 1994 2
183 1962 278 2010 autem
298 1951 480 2010 testimouium
498 1951 589 2010 Seruii
609 1950 646 2010 ad
658 1951 729 2011 Aen.
742 1954 772 2026 7,
791 1952 861 2010 lber
880 1951 929 2010 Ad
947 1953 1050 2009 almam
1069 1958 1161 2009 auum
1181 1953 1282 2010 Vastus

183 2041 359 2106 amatam
376 2043 516 2119 (senatus)
535 2044 607 2122 ‹psud
625 2064 645 2103 a
663 2045 763 2124 templo
779 2053 913 2104 samium
929 2043 1034 2120 fumat.
1074 2045 1141 2102 Hoc·
1153 2063 1203 2102 cur
1224 2065 1281 2104 non

182 2137 220 2196 sit
244 2137 447 2217 spernendum,
474 2157 538 2198 mox
564 2141 724 2217 apparebits
756 2139 883 2216 intelligis
907 2149 983 2198 certa
1007 2155 1103 2196 uersus
1127 2135 1282 2197 Ouidianoa

184 2231 352 2291 abb-310
373 2231 437 2290 bule
463 2233 504 2291 rei
528 2250 583 2291 uon
608 2229 767 2307 aduersari3
794 2251 858 2292 nam
876 2233 900 2291 sl
918 2229 984 2311 quid
1003 2229 1120 2288 aedificii
1137 2239 1205 2289 acte
1222 2232 1282 2290 Ve-
1331 2263 1332 2308 p

181 2327 280 2385 stalem
298 2327 390 2384 forum
409 2325 517 2400 fuisset,
538 2343 593 2384 uon
613 2332 678 2384 aab
695 2324 774 2399 [occa
791 2330 822 2385 ln
840 2329 970 2396 summis,
989 2323 1039 2384 sed
1056 2342 1105 2404 ρον
1118 2326 1196 2383 atria
1211 2343 1280 2383 con·

183 2418 287 2478 sedisse
306 2418 429 2477 homines
448 2417 559 2476 dixisset
576 2429 679 2497 poeta3
704 2439 757 2478 nee
781 2419 930 2480 absurdum
956 2419 1009 2477 suit
1027 2413 1165 2497 peculiare
1182 2417 1281 2476 aedili·

182 2511 255 2568 olum
273 2511 376 2570 Vestae
395 2512 462 2569 Atrii
488 2511 599 2570 nomine
625 2513 795 2585 consecrari,
822 2515 866 2571 cui
893 2513 1044 2586 uestibula‚
1074 2511 1160 2586 atria,
1185 2509 1282 2570 limina

181 2603 274 2660 omnia
292 2621 370 2662 sacra
390 2614 484 2680 eraut,
503 2623 532 2662 u.
549 2609 619 2675 303,
638 2605 771 2664 Leontius
791 2625 820 2682 p.
831 2609 887 2686 177
906 2605 950 2664 cd.
970 2605 1037 2662 Mai.
1077 2604 1210 2680 Causam,
1229 2623 1283 2663 cur
1330 2659 1331 2668 ,

181 2693 210 2753 id
228 2713 360 2773 separare
379 2715 396 2755 a
415 2699 519 2776 templo
540 2698 599 2755 ausi
618 2715 674 2755 nou
693 2708 758 2756 sunt
777 2697 850 2758 docti
875 2700 943 2773 uiri,
966 2697 1092 2776 suspicor
1109 2696 1195 2756 luisse
1213 2699 1281 2776 quia

180 2789 329 2867 separatim
349 2807 439 2868 neque
457 2791 620 2848 describitur
638 2809 655 2847 a
675 2792 829 2861 ueteribus,
855 2809 946 2870 neque
970 2793 1177 2850 commemorari
1198 2790 1281 2850 uide·

180 2891 266 2945 retur.
303 2881 390 2942 Miror
407 2895 500 2942 minen
521 2884 556 2942 ab
576 2883 754 2943 Arnbroscbio
773 2887 887 2944 Atrium
904 2886 1024 2961 regium,
1045 2883 1121 2962 quod
1140 2885 1182 2943 bis
1201 2885 1281 2963 apud

178 2973 288 3068 Liuium
311 2977 468 3036 nominatur
493 2979 542 3053 26,
556 2979 595 3035 27
614 2989 642 3037 et
661 2982 710 3054 27,
726 2985 774 3055 ll,
793 2999 848 3038 nan
875 2978 958 3038 modo
985 2977 1111 3036 habitum
1135 2994 1198 3038 esse
1223 2997 1280 3056 pro
1329 3031 1330 3036 ,

178 3071 284 3147 Regio,
310 3089 382 3149 quae
401 3085 487 3150 saepe
506 3084 751 3149 commemoratur,
769 3073 819 3133 se'd
839 3091 875 3132 ne
894 3091 1004 3131 causam
1023 3072 1135 3150 quidem
1155 3070 1281 3149 proferri

175 3161 235 3222 eius
252 3166 405 3224 sententiae
422 3184 452 3242 p.
468 3164 524 3240 95,
545 3174 594 3226 aut
613 3184 739 3244 usquam.
778 3167 853 3225 Nam
871 3166 925 3224 uisi
941 3164 1026 3224 'fallor
1049 3165 1280 3244 inpurissimum,

176 3257 225 3338 qui
244 3258 358 3335 Regiam
378 3253 478 3318 namen
498 3259 603 3318 babere
622 3259 749 3320 crederet
767 3277 784 3318 a
803 3276 870 3337 rege
888 3257 991 3331 Numa,
1011 3257 1133 3319 debebat
1148 3257 1186 3317 ad
1203 3257 1280 3316 Liuii

173 3349 235 3408 illos
253 3351 328 3410 locos
347 3353 456 3429 exigere
475 3351 643 3412 Ouidianum
663 3373 690 3411 u.
701 3357 774 3412 2632

348 3447 403 3504 His
421 3444 496 3503 blus
514 3449 640 3521 seigam,
661 3449 708 3523 qui
721 3449 838 3506 sustinet
856 3447 941 3507 Atrio
962 3449 1073 3524 Vestae,

404 3539 482 3596 nunu
498 3545 560 3596 eret
577 3541 681 3600 latomi
699 3543 777 3617 repta
794 3559 899 3618 saepae
917 3543 1038 3602 Nasutus.

170 3625 228 3686 Pro
247 3646 280 3688 ea
300 3647 331 3687 re
350 3629 482 3688 ducemur
501 3631 537 3690 ab
555 3635 734 3692 Ambroscbio
753 3654 783 3713 p.
799 3637 837 3694 36
857 3636 981 3714 potuisse
1005 3634 1085 3711 fieri,
1114 3629 1147 3693 ui
1170 3632 1227 3693 buc
1250 3634 1280 3692 iu

170 3721 232 3779 loeo
252 3723 333 3780 aliam
353 3723 456 3794 sanam
475 3724 511 3784 de
531 3727 607 3805 regia
626 3725 736 3786 Numae
755 3740 918 3807 sequeretur
937 3727 1072 3804 Ouidius,
1097 3737 1183 3806 atque
1200 3727 1279 3787 trist.

170 3817 300 3889 3,1,30,
319 3818 368 3875 ubi
380 3819 498 3896 Regiam
512 3836 585 3896 earn,
604 3819 641 3878 de
655 3839 711 3899 qua
725 3823 895 3901 potissimum
907 3821 1057 3900 inquisiuit,
1076 3821 1280 3880 bmbmscbius

169 3910 303 3983 agnoscit.
342 3911 443 3969 Mirum
467 3913 613 3991 profecto,
639 3933 701 3971 cum
727 3913 812 3992 p'oeta
839 3912 875 3971 de
897 3905 1005 3972 ¹ambitu
1030 3913 1146 3972 aedilicii
1165 3923 1279 3989 monet,

135 4049 137 4056 Α
170 4000 246 4060 cuius
273 4021 325 4062 nec
354 4006 419 4063 uela
444 4025 497 4065 nec
522 4007 668 4088 uestigium
694 4027 746 4066 uec
777 4010 867 4085 ipsum
893 4022 994 4067 nomen
1023 4007 1177 4086 superfuit:
1211 4023 1280 4066 cam

168 4109 279 4172 aream,
306 4099 351 4156 cui
370 4097 690 4177 postea'inaedilicatum
716 4101 751 4158 sit
770 4101 894 4171 Atrium,
920 4097 985 4160 olim
1011 4100 1140 4160 babuisse
1158 4101 1280 4160 domum

168 4183 289 4250 Numae.
328 4191 390 4270 Ego
411 4211 479 4252 uero
497 4211 555 4253 nou
575 4211 680 4270 aream,
702 4195 745 4253 cui
765 4196 922 4272 impositum
942 4205 985 4256 est
998 4195 1117 4273 Atrium,
1136 4195 1280 4272 intelligo,
