2688 4680
211 313 333 396 exero¹
484 281 511 380 Ἰ
679 309 819 360 nonem

135 454 147 494 Ὗ
208 463 323 530 'mem'e't
338 461 469 532 Ouidium
487 470 622 544 tempore,
643 471 693 523 aut
711 461 748 523 ab
765 463 826 542 ipso
842 469 927 541 posta
944 475 1040 521 eornm
1060 457 1205 522 artidcinm
1225 483 1307 524 mnr-

210 559 306 643 pantc.
344 556 433 619 lllnlta
452 565 517 616 sunt
536 556 658 616 eiusdem
677 565 780 632 notae,
798 571 872 634 quae
891 572 953 612 cum
972 571 1058 614 onum
1077 555 1105 614 in
1123 567 1306 636 commentum

153 653 154 663 ’
211 669 379 734 componere
404 668 460 711 non
484 651 584 726 liceat,
609 649 674 710 satis
697 649 751 720 enit
774 649 804 708 ln
826 649 940 726 singolis
953 649 1138 708 admonuisse
1160 649 1306 713 lectorem.

210 745 347 810 Varronis
366 755 395 805 et
407 743 500 804 Ouidii
519 742 588 801 ratio
603 753 750 820 perspecta
768 741 824 802 duo
843 751 909 800 suut
925 737 1136 820 propugnacula
1154 741 1191 801 ad
1210 747 1307 822 cogni·

208 842 314 900 tionem
334 837 518 916 mythologiae
537 851 686 910 romanae,
706 853 780 914 quae
799 836 846 914 qui
865 847 1025 913 expugnare
1042 851 1098 892 nou
1115 839 1240 913 potuerit
1257 857 1308 898 oa·

209 942 281 1000 nent,
294 934 409 1008 saltem,
429 948 540 990 censeo.
577 929 703 988 Fabulae
721 927 878 988 Ouidiauae
896 927 932 987 de
950 927 1034 986 Flora
1046 937 1160 988 stamen
1179 929 1308 990 animad-

209 1026 281 1086 uerti
295 1035 388 1106 potest
399 1023 513 1104 duplex.
540 1022 660 1102 Alterius
674 1021 805 1082 iodicium
819 1021 910 1081 debeo
922 1020 1031 1080 schedis
1045 1022 1209 1099 lleinsianis,
1227 1023 1308 1084 Plut.

208 1119 246 1180 dc
264 1119 341 1178 dum.
360 1119 391 1195 5,
411 1123 445 1176 3
472 1095 652 1176 Καυκάσιον
675 1106 758 1196 ὅρος.
788 1111 925 1175 ἐκαλεῖτο
950 1109 986 1171 dd
1010 1108 1045 1172 ed
1071 1107 1223 1192 πρότερον
1241 1113 1308 1174 Bo-

210 1209 282 1290 ρέαο
300 1206 386 1288 κοίτη
406 1204 449 1268 δι’
466 1203 579 1269 αἰτίαν
586 1201 739 1286 τοιαύτην.
768 1204 890 1286 Βορέας
909 1199 956 1267 dt
971 1201 1117 1286 ἐρωτικὴν
1134 1203 1309 1287 ἓκιθνμὶοιν

152 1378 154 1384 ‚
206 1293 376 1381 ὛΧλῶριν
356 1293 576 1381 αρπᾶσαςν
520 1296 576 1379 τὴν
594 1292 777 1381 ἈρκτούροιοΙ
793 1296 960 1382 Mondou
971 1292 1153 1380 κατήνεγκεν
1172 1293 1217 1372 είς
1235 1320 1310 1362 τινα

170 1405 173 1420 ’
209 1390 309 1478 λόφον
323 1388 501 1477 Νιφοίντην
507 1387 752 1472 καλοῦμινον-
713 1387 815 1466 -ολς
834 1390 927 1474 ιςορει
916 1384 1107 1472 ’Κλεάνθης
1126 1388 1203 1474 lry'
1221 1390 1310 1455 Θεο-

208 1487 325 1571 ’μαχίας
342 1482 515 1570 γεγραφώς.
553 1473 677 1549 Alterum
697 1499 740 1548 est
756 1487 831 1568 apud
850 1489 979 1547 Seruium
998 1487 1035 1546 ud
1053 1489 1106 1547 ecl.
1124 1487 1155 1562 5,
1166 1491 1215 1546 ta.
1244 1492 1311 1549 Ve-

207 1593 279 1648 nro
297 1585 423 1665 deploro
440 1589 522 1642 amoto
539 1599 626 1642 οαααι
648 1599 685 1640 ια
702 1583 790 1641 Horis
809 1583 948 1659 coniugam
965 1583 1131 1658 osdgoum,
1150 1599 1184 1641 cn
1201 1601 1260 1660 quo
1279 1592 1311 1644 et

207 1677 335 1756 zophoro
355 1679 465 1754 llorpoo
481 1673 571 1750 filium
595 1673 770 1754 pulcherrimi
793 1679 917 1755 corporis
941 1673 1042 1734 addunt
1067 1674 1171 1734 dicuat
1209 1677 1320 1744 Horae

207 1778 272 1830 sunt
296 1767 372 1856 apud
397 1769 529 1829 Ouidium
554 1771 807 1826 amicuerunt
833 1779 926 1828 tamen
950 1765 1083 1844 Καρποῦ
1112 1779 1203 1828 mater
1231 1789 1311 1849 quae

207 1864 308 1923 rectius
326 1847 470 1922 informari
488 1863 578 1940 potuit
596 1877 679 1940 qnam
698 1857 805 1919 Floral
824 1861 982 1922 Accedebat
1001 1879 1119 1938 graecae
1134 1863 1310 1939 appellatio-

205 1957 248 2016 nis
266 1955 458 2016 conuenientia
476 1973 538 2014 cum
559 1955 604 2028 iis,
631 1971 704 2031 quae
722 1971 751 2011 u.
760 1956 820 2012 274
838 1957 1046 2033 exprimuntur,
1066 1955 1113 2012 ubi
1133 1954 1211 2032 quod
1230 1955 1311 2014 edidi

206 2051 308 2125 uicena,
327 2067 363 2108 ue
379 2047 478 2106 uidear
489 2057 633 2127 suspectos
646 2045 754 2105 codices
772 2057 896 2123 secutus,
914 2049 1017 2106 habeto
1029 2049 1214 2106 coniecturae
1231 2047 1313 2106 looo.

203 2141 375 2200 Theocritea
398 2149 463 2200 sunt
484 2139 657 2220 χλοεροῖσιν
682 2131 849 2214 λαινόμενοι
867 2134 1004 2216 μελίκσιν
1029 2149 1060 2198 et
1077 2137 1168 2216 ποιῆν
1193 2136 1224 2198 τὶ
1246 2137 1312 2217 δεῖ,

205 2217 244 2304 ἇς
262 2225 337 2312 γόνυ
352 2227 494 2316 χλωρόν,
517 2235 566 2294 ubi
584 2233 765 2312 Kiesslingius
784 2232 905 2310 optimus
925 2235 968 2292 uir
986 2233 1073 2290 multa
1091 2233 1255 2303 annotavit,
1276 2245 1314 2292 ut

205 2329 318 2387 minim
336 2345 449 2386 necesse
467 2329 503 2386 sit
520 2325 624 2386 addere
642 2327 771 2386 Seruium
790 2325 827 2385 ad
843 2325 912 2384 Aen.
928 2328 958 2402 4,
971 2327 1044 2400 514;
1065 2331 1114 2400 12,
1128 2328 1198 2386 413.
1228 2325 1314 2384 Cae-

204 2427 295 2479 terum
313 2420 349 2476 ab
367 2438 399 2478 re
417 2439 472 2479 non
490 2420 574 2479 fuerit
592 2422 730 2479 Horarum
750 2427 780 2478 et
799 2367 958 2476 Gratiarutd
979 2419 1090 2476 uomina
1108 2416 1207 2476 uidere
1224 2419 1315 2497 apud

201 2509 368 2570 Pausaniam
388 2515 419 2587 9,
438 2513 487 2588 35,
513 2516 541 2572 in
567 2514 666 2593 quibus
690 2523 733 2572 est
757 2500 878 2589 liupuni
905 2519 934 2570 et
955 2501 1087 2585 Θαλλώ,
1107 2520 1145 2569 vat
1170 2501 1314 2571 Θάλεια.

199 2597 290 2688 ¹Quod
303 2604 353 2662 uisi
367 2605 491 2662 insanum
506 2605 573 2663 illud
588 2605 768 2683 ueriloquium
780 2606 928 2684 placuisset
940 2615 1050 2683 poetae,
1069 2605 1188 2662 alterum
1209 2615 1315 2665 unum

203 2714 238 2754 ex
250 2697 402 2774 postremis
421 2714 523 2754 nomeu
542 2707 617 2754 certe
630 2699 803 2775 praelaturus
816 2706 890 2756 erat:
909 2696 1007 2756 confer
1025 2715 1088 2756 cum
1107 2717 1154 2756 ou.
1165 2702 1233 2769 377,
1244 2703 1316 2759 378

202 2787 316 2847 Festum
336 2807 365 2866 p.
380 2788 448 2862 359,
466 2791 505 2846 28
522 2790 589 2848 sina
618 2789 739 2851 Τλαλοαο
755 2809 853 2851 comen
872 2790 973 2850 ᾶλολαια
991 2809 1050 2849 osso
1072 2791 1123 2850 olii
1141 2789 1178 2848 ola
1197 2795 1316 2852 celatia

202 2879 271 2957 llere
289 2883 386 2955 olunt,
404 2881 456 2940 olii
475 2881 547 2960 quod
564 2888 691 2944 coruino
709 2901 813 2964 seraper
831 2881 965 2958 floream,
990 2894 1020 2943 et
1038 2883 1201 2943 Callimachi
1221 2883 1318 2963 trag-

200 2975 337 3049 ine‘ntum,
350 2973 431 3052 'quod
450 2975 536 3035 latine
554 2975 644 3054 ipsum
664 2977 790 3036 redditur
794 2976 898 3055 ‚apud
918 2976 1022 3036 Blomf.
1043 2983 1116 3052 121,
1131 2971 1212 3055 'apud
1232 2977 1320 3037 Val-

200 3067 360 3127 'eleuarium
378 3067 452 3127 Xlll.
487 3067 656 3147 Opportune
674 3071 817 3132 adiicietur
841 3072 910 3130 alius
935 3069 1054 3128 numinis
1078 3070 1240 3148 exemplum
1266 3074 1321 3131 ab

200 3159 304 3221 Ouidio
329 3163 507 3238 grammatica
532 3166 651 3273 argutia·
659 3159 766 3241 reficti,
794 3175 825 3223 ut
842 3162 1076 3222 Euhemerianum
1103 3171 1133 3222 et
1150 3181 1322 3226 commone

201 3251 343 3314 euaderet.
385 3257 497 3315 Goanoe
509 3275 610 3315 nomen
630 3258 688 3316 sine
708 3256 825 3317 dubio'
816 3277 845 3316 ru
872 3245 1087 3332 indigitamentis
1111 3257 1215 3315 lectum
1236 3257 1322 3374 duit.

199 3343 295 3403 Verba
312 3357 377 3406 sunt
394 3349 579 3424 Tertulliani,
598 3349 689 3407 media
707 3351 780 3409 iuter
798 3369 833 3409 ea
855 3367 929 3428 quas
947 3365 1033 3427 supra
1050 3347 1088 3408 sr.
1106 3355 1127 3407 2
1145 3353 1255 3428 portu
1285 3364 1326 3414 et

199 3437 331 3512 numquid
358 3437 388 3498 lsi
411 3447 478 3499 snat
494 3440 594 3519 pultat
611 3449 638 3502 sl
661 3441 806 3503 odsunlitii
825 3439 911 3502 dicti?
938 3438 1093 3519 [ammata
1113 3461 1184 3502 uros
1199 3441 1328 3510 ame

200 3529 411 3590 adunatorum
435 3533 472 3592 od
494 3533 595 3606 focum
623 3537 748 3607 Gerana,
771 3535 942 3614 panaceam
965 3536 995 3592 iss
1018 3533 1165 3613 Palmam
1182 3542 1328 3622 monte}

94 3685 97 3696 Ι
198 3623 278 3681 llaec
292 3625 331 3682 ita
349 3623 544 3704 interpretatur
560 3627 753 3690 Ambroschius
767 3629 884 3689 Forscls.
899 3647 929 3707 p.
938 3627 1005 3702 165,
1017 3629 1084 3703 190,
1102 3631 1331 3709 antiquissimo

198 3715 361 3793 nescioquo
379 3725 505 3797 tempore
522 3721 623 3778 sacella
642 3719 757 3780 deorum
776 3732 843 3782 uera
860 3737 1037 3780 romanorum
1056 3733 1189 3799 congesta
1207 3722 1333 3793 fuisse

197 3805 226 3864 iu
239 3808 327 3866 altero
340 3820 443 3882 moute,
461 3814 693 3891 assumptiuorum
713 3815 740 3872 in
761 3813 859 3885 altero,
877 3811 1045 3892 atque²lrinc
1062 3813 1204 3873 concludit
1223 3817 1336 3884 Cap.

133 3931 136 3936 ,
197 3917 263 3958 nam
280 3902 367 3980 ipsam
385 3906 561 3982 peregrinum
580 3905 680 3964 numen
699 3904 800 3981 fuisse,
826 3905 901 3985 quod
921 3905 1033 3983 probari
1052 3905 1134 3965 etiam
1154 3909 1335 3984 existimat

197 3989 292 4052 Ouidii
310 3995 372 4054 loco
391 4000 421 4073 5,
440 3997 508 4074 105,
531 3999 608 4056 cuius
626 3999 774 4057 testimonii
793 4001 848 4056 nint
867 4017 922 4058 uon
942 4000 1087 4077 perspicio.
1126 3999 1188 4059 Fac
1207 4002 1337 4079 igitur

196 4088 343 4167 utrobique
361 4097 417 4148 tres
431 4088 480 4150 'nal
499 4098 618 4168 quatuor
636 4093 778 4168 utriusque
800 4100 883 4150 uotae
906 4109 968 4150 aras
992 4092 1094 4168 luisse,
1121 4111 1193 4172 qnae
1220 4115 1338 4176 quo.

166 4229 171 4240 .
187 4181 279 4268 modo
298 4181 409 4242 confieri
427 4185 542 4264 possint,
562 4203 617 4242 nou
636 4185 776 4262 intelligo:
798 4184 898 4244 ideone
916 4185 1089 4264 publicorum
1109 4196 1139 4247 et
1157 4185 1338 4265 aduente.
