<?xml version="1.0" encoding="UTF-8"?>
<!DOCTYPE html PUBLIC "-//W3C//DTD XHTML 1.0 Transitional//EN"
    "http://www.w3.org/TR/xhtml1/DTD/xhtml1-transitional.dtd">
<html xmlns="http://www.w3.org/1999/xhtml" xml:lang="en" lang="en">
 <head>
  <title>
</title>
<meta http-equiv="Content-Type" content="text/html;charset=utf-8" />
  <meta name='ocr-system' content='tesseract 3.04.00' />
  <meta name='ocr-capabilities' content='ocr_page ocr_carea ocr_par ocr_line ocrx_word'/>
</head>
<body>
  <div class='ocr_page' id='page_1' title='image "./fastorumlibrise00merkgoog_0015.png"; bbox 0 0 2636 4678; ppageno 0'>
   <div class='ocr_carea' id='block_1_1' title="bbox 446 253 1144 331">
    <p class='ocr_par' dir='ltr' id='par_1_1' title="bbox 446 253 1144 331">
     <span class='ocr_line' id='line_1_1' title="bbox 446 253 1144 331; baseline 0.006 -29"><span class='ocrx_word' id='word_1_1' title='bbox 446 253 591 312; x_wconf 75' lang='lat' dir='ltr'>seuerus</span> <span class='ocrx_word' id='word_1_2' title='bbox 606 253 759 320; x_wconf 78' lang='lat' dir='ltr'>urauupo</span> <span class='ocrx_word' id='word_1_3' title='bbox 1003 319 1008 331; x_wconf 24' lang='grc' dir='ltr'>ι</span> <span class='ocrx_word' id='word_1_4' title='bbox 1098 262 1144 308; x_wconf 83' lang='lat' dir='ltr'>vu</span> 
     </span>
    </p>
   </div>
   <div class='ocr_carea' id='block_1_2' title="bbox 49 405 1219 4128">
    <p class='ocr_par' dir='ltr' id='par_1_2' title="bbox 49 405 1219 4128">
     <span class='ocr_line' id='line_1_2' title="bbox 70 405 1146 486; baseline 0.009 -20"><span class='ocrx_word' id='word_1_5' title='bbox 70 408 148 482; x_wconf 81' lang='lat' dir='ltr'>e.29;</span> <span class='ocrx_word' id='word_1_6' title='bbox 172 407 372 468; x_wconf 89' lang='lat' dir='ltr'>triumuirorum</span> <span class='ocrx_word' id='word_1_7' title='bbox 390 405 503 471; x_wconf 66' lang='lat' dir='ltr'>decuma</span> <span class='ocrx_word' id='word_1_8' title='bbox 515 406 687 472; x_wconf 81' lang='lat' dir='ltr'>Octauianus</span> <span class='ocrx_word' id='word_1_9' title='bbox 705 417 777 480; x_wconf 80' lang='lat' dir='ltr'>leste</span> <span class='ocrx_word' id='word_1_10' title='bbox 789 407 878 470; x_wconf 80' lang='lat' dir='ltr'>Dione</span> <span class='ocrx_word' id='word_1_11' title='bbox 896 409 979 486; x_wconf 65' lang='lat' dir='ltr'>tm</span> <span class='ocrx_word' id='word_1_12' title='bbox 998 427 1071 480; x_wconf 69' lang='lat' dir='ltr'>tuno</span> <span class='ocrx_word' id='word_1_13' title='bbox 1088 414 1146 482; x_wconf 78' lang='lat' dir='ltr'>tas</span> 
     </span>
     <span class='ocr_line' id='line_1_3' title="bbox 69 492 1208 584; baseline -0.005 -24"><span class='ocrx_word' id='word_1_14' title='bbox 69 500 104 560; x_wconf 80' lang='lat' dir='ltr'>V.</span> <span class='ocrx_word' id='word_1_15' title='bbox 117 501 146 559; x_wconf 87' lang='lat' dir='ltr'>C.</span> <span class='ocrx_word' id='word_1_16' title='bbox 165 493 206 560; x_wconf 79' lang='grc' dir='ltr'>δι’</span> <span class='ocrx_word' id='word_1_17' title='bbox 226 493 294 572; x_wconf 72' lang='grc' dir='ltr'>ἑνός</span> <span class='ocrx_word' id='word_1_18' title='bbox 313 492 558 580; x_wconf 70' lang='grc' dir='ltr'>προγράμματος</span> <span class='ocrx_word' id='word_1_19' title='bbox 575 493 739 584; x_wconf 74' lang='grc' dir='ltr'><strong><em>κατέλυσε,</em></strong></span> <span class='ocrx_word' id='word_1_20' title='bbox 765 501 850 582; x_wconf 83' lang='lat' dir='ltr'>idque</span> <span class='ocrx_word' id='word_1_21' title='bbox 868 519 941 564; x_wconf 84' lang='lat' dir='ltr'>enno</span> <span class='ocrx_word' id='word_1_22' title='bbox 959 513 1109 584; x_wconf 73' lang='lat' dir='ltr'>samonem</span> <span class='ocrx_word' id='word_1_23' title='bbox 1127 523 1147 564; x_wconf 81' lang='lat' dir='ltr'>s</span> <span class='ocrx_word' id='word_1_24' title='bbox 1205 544 1208 554; x_wconf 83' lang='grc'><strong>,</strong></span> 
     </span>
     <span class='ocr_line' id='line_1_4' title="bbox 68 588 1146 678; baseline 0.006 -26"><span class='ocrx_word' id='word_1_25' title='bbox 68 603 155 652; x_wconf 70' lang='lat' dir='ltr'>unaco</span> <span class='ocrx_word' id='word_1_26' title='bbox 169 597 329 676; x_wconf 80' lang='lat' dir='ltr'>populoque</span> <span class='ocrx_word' id='word_1_27' title='bbox 347 596 486 674; x_wconf 77' lang='lat' dir='ltr'>Augustus</span> <span class='ocrx_word' id='word_1_28' title='bbox 505 604 534 655; x_wconf 88' lang='lat' dir='ltr'>et</span> <span class='ocrx_word' id='word_1_29' title='bbox 552 594 588 655; x_wconf 86' lang='lat' dir='ltr'>nb</span> <span class='ocrx_word' id='word_1_30' title='bbox 608 588 724 658; x_wconf 88' lang='lat' dir='ltr'>Horatio</span> <span class='ocrx_word' id='word_1_31' title='bbox 748 596 875 674; x_wconf 81' lang='lat' dir='ltr'>expiator</span> <span class='ocrx_word' id='word_1_32' title='bbox 891 596 1001 664; x_wconf 86' lang='lat' dir='ltr'>sceleris</span> <span class='ocrx_word' id='word_1_33' title='bbox 1019 599 1146 678; x_wconf 76' lang='lat' dir='ltr'>appelln-</span> 
     </span>
     <span class='ocr_line' id='line_1_5' title="bbox 71 687 1144 768; baseline 0.004 -20"><span class='ocrx_word' id='word_1_34' title='bbox 71 700 150 766; x_wconf 84' lang='lat' dir='ltr'>retnr‚</span> <span class='ocrx_word' id='word_1_35' title='bbox 171 701 199 750; x_wconf 88' lang='lat' dir='ltr'>ut</span> <span class='ocrx_word' id='word_1_36' title='bbox 216 688 336 752; x_wconf 81' lang='lat' dir='ltr'>fortasse</span> <span class='ocrx_word' id='word_1_37' title='bbox 353 696 422 746; x_wconf 88' lang='lat' dir='ltr'>tuuc</span> <span class='ocrx_word' id='word_1_38' title='bbox 439 688 537 748; x_wconf 88' lang='lat' dir='ltr'>iduum</span> <span class='ocrx_word' id='word_1_39' title='bbox 556 689 737 763; x_wconf 75' lang='lat' dir='ltr'><strong>Martiarum,</strong></span> <span class='ocrx_word' id='word_1_40' title='bbox 762 687 861 747; x_wconf 86' lang='lat' dir='ltr'>natalis</span> <span class='ocrx_word' id='word_1_41' title='bbox 882 689 991 748; x_wconf 80' lang='lat' dir='ltr'>Antonii</span> <span class='ocrx_word' id='word_1_42' title='bbox 1009 691 1076 766; x_wconf 84' lang='lat' dir='ltr'>&lt;uio</span> <span class='ocrx_word' id='word_1_43' title='bbox 1094 692 1144 768; x_wconf 78' lang='lat'>51,</span> 
     </span>
     <span class='ocr_line' id='line_1_6' title="bbox 76 779 1147 863; baseline 0.005 -23"><span class='ocrx_word' id='word_1_44' title='bbox 76 785 121 858; x_wconf 81' lang='lat'>19),</span> <span class='ocrx_word' id='word_1_45' title='bbox 137 785 243 842; x_wconf 85' lang='lat' dir='ltr'>aliorum</span> <span class='ocrx_word' id='word_1_46' title='bbox 262 791 386 840; x_wconf 81' lang='lat' dir='ltr'>atrorum</span> <span class='ocrx_word' id='word_1_47' title='bbox 402 782 520 859; x_wconf 86' lang='lat' dir='ltr'>dierum,</span> <span class='ocrx_word' id='word_1_48' title='bbox 538 783 588 861; x_wconf 89' lang='lat' dir='ltr'>qui</span> <span class='ocrx_word' id='word_1_49' title='bbox 606 779 643 842; x_wconf 88' lang='lat' dir='ltr'>ad</span> <span class='ocrx_word' id='word_1_50' title='bbox 660 782 703 850; x_wconf 86' lang='lat' dir='ltr'>ios</span> <span class='ocrx_word' id='word_1_51' title='bbox 721 781 892 861; x_wconf 85' lang='lat' dir='ltr'>pontificium</span> <span class='ocrx_word' id='word_1_52' title='bbox 911 790 987 840; x_wconf 89' lang='lat' dir='ltr'>certe</span> <span class='ocrx_word' id='word_1_53' title='bbox 1005 797 1147 863; x_wconf 85' lang='lat' dir='ltr'>uunquem</span> 
     </span>
     <span class='ocr_line' id='line_1_7' title="bbox 71 874 1146 954; baseline 0.002 -18"><span class='ocrx_word' id='word_1_54' title='bbox 71 876 248 953; x_wconf 74' lang='lat' dir='ltr'>petinueruot,</span> <span class='ocrx_word' id='word_1_55' title='bbox 265 874 377 934; x_wconf 86' lang='lat' dir='ltr'>desierit</span> <span class='ocrx_word' id='word_1_56' title='bbox 391 875 504 954; x_wconf 77' lang='lat' dir='ltr'>religi03</span> <span class='ocrx_word' id='word_1_57' title='bbox 523 895 586 936; x_wconf 88' lang='lat' dir='ltr'>cum</span> <span class='ocrx_word' id='word_1_58' title='bbox 599 884 717 952; x_wconf 76' lang='lat' dir='ltr'>negator</span> <span class='ocrx_word' id='word_1_59' title='bbox 731 874 843 950; x_wconf 81' lang='lat' dir='ltr'>diebus,</span> <span class='ocrx_word' id='word_1_60' title='bbox 859 875 907 954; x_wconf 90' lang='lat' dir='ltr'>qui</span> <span class='ocrx_word' id='word_1_61' title='bbox 920 874 1044 934; x_wconf 88' lang='lat' dir='ltr'>sacrificii</span> <span class='ocrx_word' id='word_1_62' title='bbox 1062 895 1146 938; x_wconf 85' lang='lat' dir='ltr'>causa</span> 
     </span>
     <span class='ocr_line' id='line_1_8' title="bbox 67 967 1146 1047; baseline 0.002 -21"><span class='ocrx_word' id='word_1_63' title='bbox 67 967 151 1030; x_wconf 83' lang='lat' dir='ltr'>nefasti</span> <span class='ocrx_word' id='word_1_64' title='bbox 166 970 283 1044; x_wconf 88' lang='lat' dir='ltr'>luerint,</span> <span class='ocrx_word' id='word_1_65' title='bbox 310 986 429 1046; x_wconf 89' lang='lat' dir='ltr'>uuquam</span> <span class='ocrx_word' id='word_1_66' title='bbox 450 969 494 1028; x_wconf 89' lang='lat' dir='ltr'>uel</span> <span class='ocrx_word' id='word_1_67' title='bbox 513 979 595 1042; x_wconf 83' lang='lat' dir='ltr'>aute,</span> <span class='ocrx_word' id='word_1_68' title='bbox 622 968 669 1026; x_wconf 85' lang='lat' dir='ltr'>uel</span> <span class='ocrx_word' id='word_1_69' title='bbox 686 976 751 1047; x_wconf 89' lang='lat' dir='ltr'>post</span> <span class='ocrx_word' id='word_1_70' title='bbox 770 969 922 1046; x_wconf 77' lang='lat' dir='ltr'>Augustum</span> <span class='ocrx_word' id='word_1_71' title='bbox 940 977 1067 1037; x_wconf 83' lang='lat' dir='ltr'>reustum</span> <span class='ocrx_word' id='word_1_72' title='bbox 1083 973 1146 1038; x_wconf 60' lang='grc' dir='ltr'>ωε</span> 
     </span>
     <span class='ocr_line' id='line_1_9' title="bbox 65 1059 1146 1142; baseline 0.007 -24"><span class='ocrx_word' id='word_1_73' title='bbox 65 1073 249 1137; x_wconf 83' lang='lat' dir='ltr'>touoooetum,</span> <span class='ocrx_word' id='word_1_74' title='bbox 275 1069 336 1120; x_wconf 84' lang='lat' dir='ltr'>estu</span> <span class='ocrx_word' id='word_1_75' title='bbox 356 1059 426 1120; x_wconf 88' lang='lat' dir='ltr'>tales</span> <span class='ocrx_word' id='word_1_76' title='bbox 444 1080 499 1120; x_wconf 93' lang='lat' dir='ltr'>nou</span> <span class='ocrx_word' id='word_1_77' title='bbox 518 1063 603 1122; x_wconf 84' lang='lat' dir='ltr'>luisse</span> <span class='ocrx_word' id='word_1_78' title='bbox 622 1061 647 1121; x_wconf 85' lang='lat' dir='ltr'><strong>V</strong></span> <span class='ocrx_word' id='word_1_79' title='bbox 666 1061 709 1122; x_wconf 85' lang='lat' dir='ltr'>ld.</span> <span class='ocrx_word' id='word_1_80' title='bbox 727 1063 808 1142; x_wconf 73' lang='lat' dir='ltr'>Apu,</span> <span class='ocrx_word' id='word_1_81' title='bbox 828 1061 865 1120; x_wconf 91' lang='lat' dir='ltr'>lli</span> <span class='ocrx_word' id='word_1_82' title='bbox 884 1061 925 1121; x_wconf 89' lang='lat' dir='ltr'>ld.</span> <span class='ocrx_word' id='word_1_83' title='bbox 945 1061 1026 1141; x_wconf 74' lang='lat' dir='ltr'>blei,</span> <span class='ocrx_word' id='word_1_84' title='bbox 1043 1065 1092 1141; x_wconf 87' lang='lat' dir='ltr'>qui</span> <span class='ocrx_word' id='word_1_85' title='bbox 1110 1082 1146 1126; x_wconf 79' lang='lat' dir='ltr'>ex</span> 
     </span>
     <span class='ocr_line' id='line_1_10' title="bbox 64 1153 1145 1235; baseline 0 -21"><span class='ocrx_word' id='word_1_86' title='bbox 64 1155 188 1216; x_wconf 72' lang='lat' dir='ltr'>Ciceronis</span> <span class='ocrx_word' id='word_1_87' title='bbox 204 1155 328 1235; x_wconf 83' lang='lat' dir='ltr'>epistolis</span> <span class='ocrx_word' id='word_1_88' title='bbox 346 1153 527 1216; x_wconf 77' lang='lat' dir='ltr'>adhibenturs</span> <span class='ocrx_word' id='word_1_89' title='bbox 555 1174 652 1215; x_wconf 87' lang='lat' dir='ltr'>uerum</span> <span class='ocrx_word' id='word_1_90' title='bbox 670 1153 772 1214; x_wconf 79' lang='lat' dir='ltr'>ibidem</span> <span class='ocrx_word' id='word_1_91' title='bbox 791 1159 840 1230; x_wconf 87' lang='grc'>12,</span> <span class='ocrx_word' id='word_1_92' title='bbox 859 1154 897 1212; x_wconf 79' lang='lat'>25</span> <span class='ocrx_word' id='word_1_93' title='bbox 916 1155 979 1233; x_wconf 76' lang='lat' dir='ltr'>lego</span> <span class='ocrx_word' id='word_1_94' title='bbox 999 1155 1145 1234; x_wconf 84' lang='lat' dir='ltr'>Quinqua-</span> 
     </span>
     <span class='ocr_line' id='line_1_11' title="bbox 63 1246 1145 1328; baseline 0.003 -22"><span class='ocrx_word' id='word_1_95' title='bbox 63 1249 137 1307; x_wconf 84' lang='lat' dir='ltr'>tribus</span> <span class='ocrx_word' id='word_1_96' title='bbox 153 1248 326 1328; x_wconf 72' lang='lat' dir='ltr'><strong>frequentem</strong></span> <span class='ocrx_word' id='word_1_97' title='bbox 345 1258 471 1307; x_wconf 86' lang='lat' dir='ltr'>senatum</span> <span class='ocrx_word' id='word_1_98' title='bbox 490 1248 594 1323; x_wconf 80' lang='lat' dir='ltr'>fuisse,</span> <span class='ocrx_word' id='word_1_99' title='bbox 619 1249 697 1326; x_wconf 86' lang='lat' dir='ltr'>isque</span> <span class='ocrx_word' id='word_1_100' title='bbox 724 1246 783 1306; x_wconf 88' lang='lat' dir='ltr'>dies</span> <span class='ocrx_word' id='word_1_101' title='bbox 810 1247 932 1306; x_wconf 78' lang='lat' dir='ltr'>nefastus</span> <span class='ocrx_word' id='word_1_102' title='bbox 951 1256 994 1306; x_wconf 88' lang='lat' dir='ltr'>est</span> <span class='ocrx_word' id='word_1_103' title='bbox 1018 1250 1046 1306; x_wconf 90' lang='lat' dir='ltr'>iu</span> <span class='ocrx_word' id='word_1_104' title='bbox 1064 1258 1145 1310; x_wconf 89' lang='lat' dir='ltr'>uetu-</span> 
     </span>
     <span class='ocr_line' id='line_1_12' title="bbox 62 1337 1146 1420; baseline 0.001 -20"><span class='ocrx_word' id='word_1_105' title='bbox 62 1341 178 1418; x_wconf 69' lang='lat' dir='ltr'>mulmis,</span> <span class='ocrx_word' id='word_1_106' title='bbox 196 1359 270 1420; x_wconf 91' lang='lat' dir='ltr'>quae</span> <span class='ocrx_word' id='word_1_107' title='bbox 288 1340 325 1406; x_wconf 89' lang='lat' dir='ltr'>ad</span> <span class='ocrx_word' id='word_1_108' title='bbox 344 1359 395 1400; x_wconf 84' lang='lat' dir='ltr'>nos</span> <span class='ocrx_word' id='word_1_109' title='bbox 413 1351 615 1419; x_wconf 78' lang='lat' dir='ltr'>perurenerunt,</span> <span class='ocrx_word' id='word_1_110' title='bbox 633 1339 734 1400; x_wconf 72' lang='lat' dir='ltr'>tricolis</span> <span class='ocrx_word' id='word_1_111' title='bbox 751 1337 894 1402; x_wconf 79' lang='lat' dir='ltr'>Malleaoa</span> <span class='ocrx_word' id='word_1_112' title='bbox 907 1349 937 1398; x_wconf 88' lang='lat' dir='ltr'>et</span> <span class='ocrx_word' id='word_1_113' title='bbox 951 1339 1146 1406; x_wconf 81' lang='lat' dir='ltr'>Praenestinas</span> 
     </span>
     <span class='ocr_line' id='line_1_13' title="bbox 61 1431 1144 1514; baseline 0.003 -22"><span class='ocrx_word' id='word_1_114' title='bbox 61 1431 118 1492; x_wconf 84' lang='lat' dir='ltr'>illud</span> <span class='ocrx_word' id='word_1_115' title='bbox 135 1451 199 1500; x_wconf 82' lang='lat' dir='ltr'>uero</span> <span class='ocrx_word' id='word_1_116' title='bbox 217 1434 363 1496; x_wconf 86' lang='lat' dir='ltr'>ridiculum</span> <span class='ocrx_word' id='word_1_117' title='bbox 383 1444 435 1510; x_wconf 88' lang='lat' dir='ltr'>est,</span> <span class='ocrx_word' id='word_1_118' title='bbox 454 1453 518 1494; x_wconf 91' lang='lat' dir='ltr'>cum</span> <span class='ocrx_word' id='word_1_119' title='bbox 536 1435 644 1514; x_wconf 84' lang='lat' dir='ltr'>inipso</span> <span class='ocrx_word' id='word_1_120' title='bbox 663 1432 820 1494; x_wconf 84' lang='lat' dir='ltr'>calendario</span> <span class='ocrx_word' id='word_1_121' title='bbox 839 1432 1025 1494; x_wconf 73' lang='lat' dir='ltr'>lambeciano</span> <span class='ocrx_word' id='word_1_122' title='bbox 1038 1435 1144 1512; x_wconf 78' lang='lat' dir='ltr'>Kalen·</span> 
     </span>
     <span class='ocr_line' id='line_1_14' title="bbox 62 1523 1197 1607; baseline 0.006 -24"><span class='ocrx_word' id='word_1_123' title='bbox 62 1523 97 1586; x_wconf 79' lang='lat' dir='ltr'>tu</span> <span class='ocrx_word' id='word_1_124' title='bbox 111 1527 189 1604; x_wconf 78' lang='lat' dir='ltr'>lnii’u,</span> <span class='ocrx_word' id='word_1_125' title='bbox 208 1527 320 1589; x_wconf 64' lang='lat' dir='ltr'>uelato</span> <span class='ocrx_word' id='word_1_126' title='bbox 339 1527 402 1600; x_wconf 87' lang='lat' dir='ltr'>die,</span> <span class='ocrx_word' id='word_1_127' title='bbox 420 1536 532 1588; x_wconf 69' lang='lat' dir='ltr'>serimus</span> <span class='ocrx_word' id='word_1_128' title='bbox 550 1527 688 1607; x_wconf 76' lang='lat' dir='ltr'>legitimus</span> <span class='ocrx_word' id='word_1_129' title='bbox 705 1525 940 1607; x_wconf 75' lang='lat' dir='ltr'>deprehenditur,</span> <span class='ocrx_word' id='word_1_130' title='bbox 957 1526 1042 1606; x_wconf 84' lang='lat' dir='ltr'>idque</span> <span class='ocrx_word' id='word_1_131' title='bbox 1061 1547 1144 1596; x_wconf 68' lang='lat' dir='ltr'>mcu-</span> <span class='ocrx_word' id='word_1_132' title='bbox 1194 1555 1197 1562; x_wconf 91' lang='lat'>·</span> 
     </span>
     <span class='ocr_line' id='line_1_15' title="bbox 56 1620 1144 1700; baseline 0.011 -24"><span class='ocrx_word' id='word_1_133' title='bbox 56 1627 126 1684; x_wconf 76' lang='lat' dir='ltr'>,utor</span> <span class='ocrx_word' id='word_1_134' title='bbox 140 1630 257 1700; x_wconf 83' lang='lat' dir='ltr'>propter</span> <span class='ocrx_word' id='word_1_135' title='bbox 274 1621 410 1682; x_wconf 81' lang='lat' dir='ltr'>minorem</span> <span class='ocrx_word' id='word_1_136' title='bbox 427 1621 599 1698; x_wconf 72' lang='lat' dir='ltr'>minumae,</span> <span class='ocrx_word' id='word_1_137' title='bbox 618 1639 693 1700; x_wconf 87' lang='lat' dir='ltr'>quae</span> <span class='ocrx_word' id='word_1_138' title='bbox 711 1630 772 1681; x_wconf 86' lang='lat' dir='ltr'>tum</span> <span class='ocrx_word' id='word_1_139' title='bbox 789 1621 864 1680; x_wconf 82' lang='lat' dir='ltr'>laete</span> <span class='ocrx_word' id='word_1_140' title='bbox 881 1620 935 1695; x_wconf 85' lang='lat' dir='ltr'>sit,</span> <span class='ocrx_word' id='word_1_141' title='bbox 952 1623 1144 1699; x_wconf 69' lang='lat' dir='ltr'>sanctitatem</span> 
     </span>
     <span class='ocr_line' id='line_1_16' title="bbox 65 1711 1179 1794; baseline 0.002 -22"><span class='ocrx_word' id='word_1_142' title='bbox 65 1711 126 1789; x_wconf 81' lang='lat' dir='ltr'>qoud</span> <span class='ocrx_word' id='word_1_143' title='bbox 146 1712 182 1774; x_wconf 84' lang='lat' dir='ltr'>dc</span> <span class='ocrx_word' id='word_1_144' title='bbox 208 1715 322 1794; x_wconf 83' lang='lat' dir='ltr'>reliquis</span> <span class='ocrx_word' id='word_1_145' title='bbox 348 1731 461 1793; x_wconf 86' lang='lat' dir='ltr'>quoqne</span> <span class='ocrx_word' id='word_1_146' title='bbox 487 1713 600 1784; x_wconf 74' lang='lat' dir='ltr'>nefastis</span> <span class='ocrx_word' id='word_1_147' title='bbox 619 1713 754 1776; x_wconf 77' lang='lat' dir='ltr'>Kalendis</span> <span class='ocrx_word' id='word_1_148' title='bbox 778 1715 832 1774; x_wconf 87' lang='lat' dir='ltr'>diei</span> <span class='ocrx_word' id='word_1_149' title='bbox 859 1723 979 1794; x_wconf 79' lang='lat' dir='ltr'>poterat.</span> <span class='ocrx_word' id='word_1_150' title='bbox 1024 1715 1144 1776; x_wconf 82' lang='lat' dir='ltr'>Maxime</span> <span class='ocrx_word' id='word_1_151' title='bbox 1176 1733 1179 1742; x_wconf 63' lang='grc'><em>“</em></span> 
     </span>
     <span class='ocr_line' id='line_1_17' title="bbox 62 1803 1144 1887; baseline 0.002 -23"><span class='ocrx_word' id='word_1_152' title='bbox 62 1803 130 1864; x_wconf 82' lang='lat' dir='ltr'>etism</span> <span class='ocrx_word' id='word_1_153' title='bbox 146 1805 173 1866; x_wconf 92' lang='lat' dir='ltr'>id</span> <span class='ocrx_word' id='word_1_154' title='bbox 192 1824 211 1866; x_wconf 87' lang='grc' dir='ltr'><strong><em>ο</em></strong></span> <span class='ocrx_word' id='word_1_155' title='bbox 229 1807 337 1868; x_wconf 76' lang='lat' dir='ltr'>disertis</span> <span class='ocrx_word' id='word_1_156' title='bbox 354 1806 452 1864; x_wconf 84' lang='lat' dir='ltr'>Dionis</span> <span class='ocrx_word' id='word_1_157' title='bbox 471 1808 562 1868; x_wconf 88' lang='lat' dir='ltr'>uerbis</span> <span class='ocrx_word' id='word_1_158' title='bbox 581 1807 727 1884; x_wconf 83' lang='lat' dir='ltr'>abhorret,</span> <span class='ocrx_word' id='word_1_159' title='bbox 746 1807 821 1886; x_wconf 85' lang='lat' dir='ltr'>qued</span> <span class='ocrx_word' id='word_1_160' title='bbox 840 1808 963 1887; x_wconf 82' lang='lat' dir='ltr'>plurimis</span> <span class='ocrx_word' id='word_1_161' title='bbox 981 1806 1079 1869; x_wconf 86' lang='lat' dir='ltr'>diebus</span> <span class='ocrx_word' id='word_1_162' title='bbox 1096 1817 1144 1866; x_wconf 84' lang='lat' dir='ltr'>to-</span> 
     </span>
     <span class='ocr_line' id='line_1_18' title="bbox 61 1897 1143 1979; baseline 0.006 -25"><span class='ocrx_word' id='word_1_163' title='bbox 61 1897 184 1976; x_wconf 73' lang='lat' dir='ltr'>baleolis,</span> <span class='ocrx_word' id='word_1_164' title='bbox 203 1901 251 1960; x_wconf 86' lang='lat' dir='ltr'>uel</span> <span class='ocrx_word' id='word_1_165' title='bbox 269 1899 450 1960; x_wconf 79' lang='lat' dir='ltr'>comitialibus</span> <span class='ocrx_word' id='word_1_166' title='bbox 467 1909 580 1961; x_wconf 83' lang='lat' dir='ltr'>senatus</span> <span class='ocrx_word' id='word_1_167' title='bbox 597 1899 707 1962; x_wconf 85' lang='lat' dir='ltr'>babitus</span> <span class='ocrx_word' id='word_1_168' title='bbox 724 1901 810 1979; x_wconf 81' lang='lat' dir='ltr'>soret,</span> <span class='ocrx_word' id='word_1_169' title='bbox 828 1901 852 1960; x_wconf 94' lang='lat' dir='ltr'>si</span> <span class='ocrx_word' id='word_1_170' title='bbox 870 1899 1000 1960; x_wconf 87' lang='lat' dir='ltr'>credibile</span> <span class='ocrx_word' id='word_1_171' title='bbox 1014 1911 1088 1960; x_wconf 81' lang='lat' dir='ltr'>esset</span> <span class='ocrx_word' id='word_1_172' title='bbox 1105 1901 1143 1960; x_wconf 86' lang='lat' dir='ltr'>ab</span> 
     </span>
     <span class='ocr_line' id='line_1_19' title="bbox 59 1989 1142 2073; baseline 0.003 -24"><span class='ocrx_word' id='word_1_173' title='bbox 59 1989 160 2070; x_wconf 74' lang='lat' dir='ltr'>Augusti</span> <span class='ocrx_word' id='word_1_174' title='bbox 176 1993 244 2054; x_wconf 87' lang='lat' dir='ltr'>inde</span> <span class='ocrx_word' id='word_1_175' title='bbox 261 2002 388 2073; x_wconf 86' lang='lat' dir='ltr'>tempore</span> <span class='ocrx_word' id='word_1_176' title='bbox 405 1993 442 2054; x_wconf 91' lang='lat' dir='ltr'>ad</span> <span class='ocrx_word' id='word_1_177' title='bbox 462 1994 616 2055; x_wconf 73' lang='grc' dir='ltr'>Οοοιῑοοῑίἱ</span> <span class='ocrx_word' id='word_1_178' title='bbox 635 2004 756 2056; x_wconf 79' lang='lat' dir='ltr'>aetutem</span> <span class='ocrx_word' id='word_1_179' title='bbox 773 1996 841 2054; x_wconf 88' lang='lat' dir='ltr'>nibil</span> <span class='ocrx_word' id='word_1_180' title='bbox 857 2004 993 2054; x_wconf 85' lang='lat' dir='ltr'>mutatum</span> <span class='ocrx_word' id='word_1_181' title='bbox 1010 1994 1095 2054; x_wconf 83' lang='lat' dir='ltr'>foisse</span> <span class='ocrx_word' id='word_1_182' title='bbox 1112 1994 1142 2052; x_wconf 90' lang='lat' dir='ltr'>io</span> 
     </span>
     <span class='ocr_line' id='line_1_20' title="bbox 59 2085 1199 2164; baseline -0.001 -20"><span class='ocrx_word' id='word_1_183' title='bbox 59 2100 88 2142; x_wconf 88' lang='lat' dir='ltr'>ee</span> <span class='ocrx_word' id='word_1_184' title='bbox 99 2102 143 2161; x_wconf 67' lang='lat' dir='ltr'>rec</span> <span class='ocrx_word' id='word_1_185' title='bbox 158 2085 236 2164; x_wconf 89' lang='lat' dir='ltr'>quud</span> <span class='ocrx_word' id='word_1_186' title='bbox 254 2107 293 2148; x_wconf 92' lang='lat' dir='ltr'>ne</span> <span class='ocrx_word' id='word_1_187' title='bbox 310 2089 431 2148; x_wconf 82' lang='lat' dir='ltr'>animum</span> <span class='ocrx_word' id='word_1_188' title='bbox 450 2085 623 2164; x_wconf 87' lang='lat' dir='ltr'>inducamus,</span> <span class='ocrx_word' id='word_1_189' title='bbox 641 2097 756 2148; x_wconf 88' lang='lat' dir='ltr'>monent</span> <span class='ocrx_word' id='word_1_190' title='bbox 769 2088 853 2148; x_wconf 87' lang='lat' dir='ltr'>Gellii</span> <span class='ocrx_word' id='word_1_191' title='bbox 872 2089 958 2146; x_wconf 84' lang='lat' dir='ltr'>uerba</span> <span class='ocrx_word' id='word_1_192' title='bbox 976 2089 1008 2164; x_wconf 77' lang='grc'>4,</span> <span class='ocrx_word' id='word_1_193' title='bbox 1021 2090 1057 2146; x_wconf 71' lang='lat'>92</span> <span class='ocrx_word' id='word_1_194' title='bbox 1076 2092 1143 2164; x_wconf 82' lang='lat' dir='ltr'>onis</span> <span class='ocrx_word' id='word_1_195' title='bbox 1193 2149 1199 2162; x_wconf 25' lang='grc' dir='ltr'><strong><em>ρ</em></strong></span> 
     </span>
     <span class='ocr_line' id='line_1_21' title="bbox 58 2175 1142 2258; baseline -0.005 -18"><span class='ocrx_word' id='word_1_196' title='bbox 58 2175 139 2254; x_wconf 65' lang='lat' dir='ltr'>lum,</span> <span class='ocrx_word' id='word_1_197' title='bbox 151 2198 221 2257; x_wconf 75' lang='lat' dir='ltr'>uuus</span> <span class='ocrx_word' id='word_1_198' title='bbox 234 2200 307 2245; x_wconf 76' lang='lat' dir='ltr'>susc</span> <span class='ocrx_word' id='word_1_199' title='bbox 320 2181 353 2242; x_wconf 88' lang='lat' dir='ltr'>ds</span> <span class='ocrx_word' id='word_1_200' title='bbox 366 2188 466 2243; x_wconf 68' lang='grc' dir='ltr'><strong><em>κααία</em></strong></span> <span class='ocrx_word' id='word_1_201' title='bbox 479 2179 603 2241; x_wconf 78' lang='lat' dir='ltr'>lubesdo</span> <span class='ocrx_word' id='word_1_202' title='bbox 617 2180 790 2242; x_wconf 71' lang='lat' dir='ltr'>otmour.</span> <span class='ocrx_word' id='word_1_203' title='bbox 817 2179 911 2244; x_wconf 85' lang='lat' dir='ltr'>Velim</span> <span class='ocrx_word' id='word_1_204' title='bbox 931 2198 998 2258; x_wconf 83' lang='lat' dir='ltr'>ergo</span> <span class='ocrx_word' id='word_1_205' title='bbox 1016 2177 1142 2252; x_wconf 82' lang='lat' dir='ltr'>damnari</span> 
     </span>
     <span class='ocr_line' id='line_1_22' title="bbox 58 2269 1142 2354; baseline 0.002 -24"><span class='ocrx_word' id='word_1_206' title='bbox 58 2269 125 2330; x_wconf 84' lang='lat' dir='ltr'>&#39;uun</span> <span class='ocrx_word' id='word_1_207' title='bbox 147 2274 291 2339; x_wconf 82' lang='lat' dir='ltr'>Vsassenii</span> <span class='ocrx_word' id='word_1_208' title='bbox 316 2277 481 2346; x_wconf 66' lang='lat' dir='ltr'>unorum</span> <span class='ocrx_word' id='word_1_209' title='bbox 495 2284 537 2346; x_wconf 69' lang='lat' dir='ltr'>‚et</span> <span class='ocrx_word' id='word_1_210' title='bbox 564 2291 637 2352; x_wconf 89' lang='lat' dir='ltr'>quae</span> <span class='ocrx_word' id='word_1_211' title='bbox 661 2292 748 2354; x_wconf 84' lang='lat' dir='ltr'>supra</span> <span class='ocrx_word' id='word_1_212' title='bbox 775 2275 890 2354; x_wconf 76' lang='lat' dir='ltr'>exposui</span> <span class='ocrx_word' id='word_1_213' title='bbox 915 2283 1000 2334; x_wconf 78' lang='lat' dir='ltr'>recte</span> <span class='ocrx_word' id='word_1_214' title='bbox 1016 2272 1142 2352; x_wconf 78' lang='lat' dir='ltr'>exposita</span> 
     </span>
     <span class='ocr_line' id='line_1_23' title="bbox 58 2364 1141 2448; baseline -0.002 -22"><span class='ocrx_word' id='word_1_215' title='bbox 58 2365 206 2441; x_wconf 75' lang='lat' dir='ltr'>existimari,</span> <span class='ocrx_word' id='word_1_216' title='bbox 231 2387 285 2438; x_wconf 78' lang='lat' dir='ltr'>uec</span> <span class='ocrx_word' id='word_1_217' title='bbox 303 2365 408 2438; x_wconf 79' lang='lat' dir='ltr'>offendi</span> <span class='ocrx_word' id='word_1_218' title='bbox 427 2372 456 2437; x_wconf 85' lang='lat' dir='ltr'>iu</span> <span class='ocrx_word' id='word_1_219' title='bbox 475 2388 529 2445; x_wconf 83' lang='lat' dir='ltr'>so,</span> <span class='ocrx_word' id='word_1_220' title='bbox 548 2366 624 2448; x_wconf 85' lang='lat' dir='ltr'>quod</span> <span class='ocrx_word' id='word_1_221' title='bbox 642 2385 699 2428; x_wconf 85' lang='lat' dir='ltr'>noo</span> <span class='ocrx_word' id='word_1_222' title='bbox 719 2365 803 2434; x_wconf 85' lang='lat' dir='ltr'>modu</span> <span class='ocrx_word' id='word_1_223' title='bbox 822 2366 934 2432; x_wconf 75' lang='lat' dir='ltr'>nefastis</span> <span class='ocrx_word' id='word_1_224' title='bbox 952 2365 1066 2445; x_wconf 82' lang='lat' dir='ltr'>diebus,</span> <span class='ocrx_word' id='word_1_225' title='bbox 1089 2364 1141 2424; x_wconf 86' lang='lat' dir='ltr'>sed</span> 
     </span>
     <span class='ocr_line' id='line_1_24' title="bbox 58 2457 1141 2542; baseline 0 -24"><span class='ocrx_word' id='word_1_226' title='bbox 58 2457 127 2518; x_wconf 75' lang='lat' dir='ltr'>etima</span> <span class='ocrx_word' id='word_1_227' title='bbox 143 2460 256 2532; x_wconf 66' lang='lat' dir='ltr'>nefasto,</span> <span class='ocrx_word' id='word_1_228' title='bbox 271 2461 377 2523; x_wconf 89' lang='lat' dir='ltr'>dierum</span> <span class='ocrx_word' id='word_1_229' title='bbox 396 2469 478 2542; x_wconf 84' lang='lat' dir='ltr'>parte</span> <span class='ocrx_word' id='word_1_230' title='bbox 498 2470 528 2520; x_wconf 84' lang='lat' dir='ltr'>et</span> <span class='ocrx_word' id='word_1_231' title='bbox 547 2478 688 2540; x_wconf 78' lang='lat' dir='ltr'>uunquam</span> <span class='ocrx_word' id='word_1_232' title='bbox 707 2480 764 2524; x_wconf 89' lang='lat' dir='ltr'>uon</span> <span class='ocrx_word' id='word_1_233' title='bbox 787 2461 860 2525; x_wconf 85' lang='lat' dir='ltr'>iuter</span> <span class='ocrx_word' id='word_1_234' title='bbox 877 2479 955 2522; x_wconf 86' lang='lat' dir='ltr'>sacra</span> <span class='ocrx_word' id='word_1_235' title='bbox 971 2457 1141 2536; x_wconf 69' lang='lat' dir='ltr'>Knbndarie</span> 
     </span>
     <span class='ocr_line' id='line_1_25' title="bbox 59 2548 1141 2644; baseline 0.001 -34"><span class='ocrx_word' id='word_1_236' title='bbox 59 2548 184 2632; x_wconf 79' lang='lat' dir='ltr'>idolisque</span> <span class='ocrx_word' id='word_1_237' title='bbox 200 2563 315 2644; x_wconf 75' lang='lat' dir='ltr'>senatus</span> <span class='ocrx_word' id='word_1_238' title='bbox 333 2555 474 2632; x_wconf 86' lang='lat' dir='ltr'>conuenit,</span> <span class='ocrx_word' id='word_1_239' title='bbox 489 2553 623 2632; x_wconf 86' lang='lat' dir='ltr'>siquidem</span> <span class='ocrx_word' id='word_1_240' title='bbox 639 2553 667 2611; x_wconf 91' lang='lat' dir='ltr'>in</span> <span class='ocrx_word' id='word_1_241' title='bbox 681 2554 742 2634; x_wconf 89' lang='lat' dir='ltr'>ipso</span> <span class='ocrx_word' id='word_1_242' title='bbox 757 2565 926 2620; x_wconf 80' lang='lat' dir='ltr'>conatorem</span> <span class='ocrx_word' id='word_1_243' title='bbox 939 2571 1046 2616; x_wconf 86' lang='lat' dir='ltr'>sacram</span> <span class='ocrx_word' id='word_1_244' title='bbox 1060 2553 1141 2612; x_wconf 73' lang='lat' dir='ltr'>mure</span> 
     </span>
     <span class='ocr_line' id='line_1_26' title="bbox 58 2645 1138 2732; baseline 0 -27"><span class='ocrx_word' id='word_1_245' title='bbox 58 2659 174 2724; x_wconf 81' lang='lat' dir='ltr'>meroque</span> <span class='ocrx_word' id='word_1_246' title='bbox 199 2645 261 2706; x_wconf 85' lang='lat' dir='ltr'>lieri</span> <span class='ocrx_word' id='word_1_247' title='bbox 286 2647 537 2724; x_wconf 71' lang='lat' dir='ltr'>terricrepum,</span> <span class='ocrx_word' id='word_1_248' title='bbox 562 2645 642 2706; x_wconf 86' lang='lat' dir='ltr'>Suet.</span> <span class='ocrx_word' id='word_1_249' title='bbox 664 2645 729 2707; x_wconf 88' lang='lat' dir='ltr'>Oct.</span> <span class='ocrx_word' id='word_1_250' title='bbox 748 2648 798 2724; x_wconf 77' lang='lat'>³5,</span> <span class='ocrx_word' id='word_1_251' title='bbox 818 2647 872 2706; x_wconf 92' lang='lat' dir='ltr'>Dio</span> <span class='ocrx_word' id='word_1_252' title='bbox 890 2648 941 2732; x_wconf 74' lang='lat'>5⁴,</span> <span class='ocrx_word' id='word_1_253' title='bbox 961 2650 1009 2706; x_wconf 77' lang='grc'>30.</span> <span class='ocrx_word' id='word_1_254' title='bbox 1047 2645 1138 2720; x_wconf 77' lang='lat' dir='ltr'>Video</span> 
     </span>
     <span class='ocr_line' id='line_1_27' title="bbox 57 2731 1139 2819; baseline 0.002 -23"><span class='ocrx_word' id='word_1_255' title='bbox 57 2747 139 2798; x_wconf 76' lang='lat' dir='ltr'>unua</span> <span class='ocrx_word' id='word_1_256' title='bbox 157 2757 191 2800; x_wconf 86' lang='lat' dir='ltr'>ea</span> <span class='ocrx_word' id='word_1_257' title='bbox 209 2738 304 2799; x_wconf 80' lang='lat' dir='ltr'>afferri</span> <span class='ocrx_word' id='word_1_258' title='bbox 323 2759 406 2819; x_wconf 90' lang='lat' dir='ltr'>posse</span> <span class='ocrx_word' id='word_1_259' title='bbox 422 2739 519 2799; x_wconf 88' lang='lat' dir='ltr'>Diouie</span> <span class='ocrx_word' id='word_1_260' title='bbox 538 2739 630 2801; x_wconf 89' lang='lat' dir='ltr'>locum</span> <span class='ocrx_word' id='word_1_261' title='bbox 649 2742 700 2816; x_wconf 77' lang='lat'>66,</span> <span class='ocrx_word' id='word_1_262' title='bbox 720 2743 775 2798; x_wconf 77' lang='lat' dir='ltr'>lla</span> <span class='ocrx_word' id='word_1_263' title='bbox 803 2735 835 2800; x_wconf 72' lang='lat' dir='ltr'>iu</span> <span class='ocrx_word' id='word_1_264' title='bbox 852 2734 909 2816; x_wconf 74' lang='grc' dir='ltr'>μὲν</span> <span class='ocrx_word' id='word_1_265' title='bbox 929 2742 997 2809; x_wconf 75' lang='grc' dir='ltr'><strong><em>ταῖς</em></strong></span> <span class='ocrx_word' id='word_1_266' title='bbox 1016 2731 1139 2818; x_wconf 59' lang='grc' dir='ltr'><strong><em>ἑορταῖς</em></strong></span> 
     </span>
     <span class='ocr_line' id='line_1_28' title="bbox 55 2821 1139 2912; baseline 0.003 -25"><span class='ocrx_word' id='word_1_267' title='bbox 55 2825 98 2888; x_wconf 85' lang='lat' dir='ltr'>sol</span> <span class='ocrx_word' id='word_1_268' title='bbox 109 2823 160 2892; x_wconf 74' lang='grc' dir='ltr'>τὸν</span> <span class='ocrx_word' id='word_1_269' title='bbox 173 2829 275 2910; x_wconf 76' lang='grc' dir='ltr'><strong><em>δῆμον</em></strong></span> <span class='ocrx_word' id='word_1_270' title='bbox 291 2825 396 2894; x_wconf 81' lang='lat' dir='ltr'>oiisude</span> <span class='ocrx_word' id='word_1_271' title='bbox 409 2825 668 2912; x_wconf 66' lang='grc' dir='ltr'><strong><em>προσδεξομένου,</em></strong></span> <span class='ocrx_word' id='word_1_272' title='bbox 691 2827 723 2892; x_wconf 75' lang='grc' dir='ltr'>ἔν</span> <span class='ocrx_word' id='word_1_273' title='bbox 741 2827 777 2892; x_wconf 76' lang='grc' dir='ltr'>δέ</span> <span class='ocrx_word' id='word_1_274' title='bbox 796 2835 864 2903; x_wconf 80' lang='grc' dir='ltr'><strong><em>ταῖς</em></strong></span> <span class='ocrx_word' id='word_1_275' title='bbox 882 2823 992 2902; x_wconf 76' lang='grc' dir='ltr'><strong><em>ἄλλοις</em></strong></span> <span class='ocrx_word' id='word_1_276' title='bbox 1009 2821 1139 2912; x_wconf 67' lang='grc' dir='ltr'>ἡμέραις</span> 
     </span>
     <span class='ocr_line' id='line_1_29' title="bbox 55 2919 1169 3010; baseline 0.002 -28"><span class='ocrx_word' id='word_1_277' title='bbox 55 2920 99 2982; x_wconf 85' lang='lat' dir='ltr'>sol</span> <span class='ocrx_word' id='word_1_278' title='bbox 113 2919 168 3004; x_wconf 77' lang='grc' dir='ltr'>τὴν</span> <span class='ocrx_word' id='word_1_279' title='bbox 186 2921 350 3005; x_wconf 72' lang='grc' dir='ltr'><strong><em>γερουσίαν</em></strong></span> <span class='ocrx_word' id='word_1_280' title='bbox 366 2921 400 2986; x_wconf 74' lang='lat' dir='ltr'>lv</span> <span class='ocrx_word' id='word_1_281' title='bbox 413 2919 498 3010; x_wconf 76' lang='grc' dir='ltr'>αὐτῷ</span> <span class='ocrx_word' id='word_1_282' title='bbox 512 2924 557 3008; x_wconf 80' lang='grc' dir='ltr'>τῷ</span> <span class='ocrx_word' id='word_1_283' title='bbox 569 2922 781 3010; x_wconf 74' lang='grc' dir='ltr'>βουλευτηρίῳ</span> <span class='ocrx_word' id='word_1_284' title='bbox 802 2919 1031 3005; x_wconf 68' lang='grc' dir='ltr'><strong><em>ἀσπασομένου.</em></strong></span> <span class='ocrx_word' id='word_1_285' title='bbox 1059 2926 1138 2995; x_wconf 78' lang='lat' dir='ltr'>Esto,</span> <span class='ocrx_word' id='word_1_286' title='bbox 1166 2965 1169 2972; x_wconf 84' lang='lat'>·</span> 
     </span>
     <span class='ocr_line' id='line_1_30' title="bbox 54 3009 1138 3099; baseline 0.004 -19"><span class='ocrx_word' id='word_1_287' title='bbox 54 3019 104 3080; x_wconf 83' lang='lat' dir='ltr'>sine</span> <span class='ocrx_word' id='word_1_288' title='bbox 120 3009 229 3098; x_wconf 74' lang='grc' dir='ltr'><strong><em>ἑορτὰς</em></strong></span> <span class='ocrx_word' id='word_1_289' title='bbox 245 3022 382 3099; x_wconf 81' lang='lat' dir='ltr'>intelliges</span> <span class='ocrx_word' id='word_1_290' title='bbox 395 3021 453 3082; x_wconf 82' lang='lat' dir='ltr'>dtas</span> <span class='ocrx_word' id='word_1_291' title='bbox 464 3021 591 3096; x_wconf 69' lang='lat' dir='ltr'>fesuuos,</span> <span class='ocrx_word' id='word_1_292' title='bbox 609 3022 669 3080; x_wconf 87' lang='lat' dir='ltr'>siue</span> <span class='ocrx_word' id='word_1_293' title='bbox 687 3021 787 3096; x_wconf 68' lang='lat' dir='ltr'>scrius,</span> <span class='ocrx_word' id='word_1_294' title='bbox 804 3022 980 3088; x_wconf 75' lang='lat' dir='ltr'>siuesucrus</span> <span class='ocrx_word' id='word_1_295' title='bbox 996 3017 1138 3077; x_wconf 67' lang='lat' dir='ltr'>celebrite-</span> 
     </span>
     <span class='ocr_line' id='line_1_31' title="bbox 53 3109 1140 3194; baseline 0.002 -24"><span class='ocrx_word' id='word_1_296' title='bbox 53 3115 101 3189; x_wconf 84' lang='lat' dir='ltr'>su,</span> <span class='ocrx_word' id='word_1_297' title='bbox 118 3112 263 3174; x_wconf 83' lang='lat' dir='ltr'>Kalendas</span> <span class='ocrx_word' id='word_1_298' title='bbox 281 3123 311 3182; x_wconf 85' lang='lat' dir='ltr'>et</span> <span class='ocrx_word' id='word_1_299' title='bbox 331 3113 395 3174; x_wconf 89' lang='lat' dir='ltr'>idus</span> <span class='ocrx_word' id='word_1_300' title='bbox 419 3114 567 3194; x_wconf 81' lang='lat' dir='ltr'>aliquando</span> <span class='ocrx_word' id='word_1_301' title='bbox 591 3115 625 3174; x_wconf 87' lang='lat' dir='ltr'>iis</span> <span class='ocrx_word' id='word_1_302' title='bbox 651 3115 882 3194; x_wconf 79' lang='lat' dir='ltr'>appellationibus</span> <span class='ocrx_word' id='word_1_303' title='bbox 906 3121 1016 3174; x_wconf 78' lang='lat' dir='ltr'>notetus</span> <span class='ocrx_word' id='word_1_304' title='bbox 1042 3109 1140 3185; x_wconf 77' lang='lat' dir='ltr'>suase,</span> 
     </span>
     <span class='ocr_line' id='line_1_32' title="bbox 54 3203 1140 3286; baseline 0 -22"><span class='ocrx_word' id='word_1_305' title='bbox 54 3203 117 3264; x_wconf 85' lang='lat' dir='ltr'>Geli.</span> <span class='ocrx_word' id='word_1_306' title='bbox 129 3212 162 3283; x_wconf 88' lang='grc'>2,</span> <span class='ocrx_word' id='word_1_307' title='bbox 171 3207 223 3284; x_wconf 80' lang='lat' dir='ltr'>nt,</span> <span class='ocrx_word' id='word_1_308' title='bbox 241 3205 331 3268; x_wconf 73' lang='lat' dir='ltr'>Muci.</span> <span class='ocrx_word' id='word_1_309' title='bbox 348 3210 442 3284; x_wconf 60' lang='lat' dir='ltr'>blus</span> <span class='ocrx_word' id='word_1_310' title='bbox 462 3208 575 3268; x_wconf 87' lang='lat' dir='ltr'>dubium</span> <span class='ocrx_word' id='word_1_311' title='bbox 591 3218 685 3268; x_wconf 84' lang='lat' dir='ltr'>tomen</span> <span class='ocrx_word' id='word_1_312' title='bbox 704 3208 751 3266; x_wconf 84' lang='lat' dir='ltr'>uix</span> <span class='ocrx_word' id='word_1_313' title='bbox 764 3217 818 3284; x_wconf 83' lang='lat' dir='ltr'>est,</span> <span class='ocrx_word' id='word_1_314' title='bbox 837 3205 905 3286; x_wconf 84' lang='lat' dir='ltr'>quin</span> <span class='ocrx_word' id='word_1_315' title='bbox 923 3205 985 3266; x_wconf 92' lang='lat' dir='ltr'>illos</span> <span class='ocrx_word' id='word_1_316' title='bbox 1002 3203 1140 3276; x_wconf 65' lang='lat' dir='ltr'>maumas</span> 
     </span>
     <span class='ocr_line' id='line_1_33' title="bbox 55 3294 1219 3381; baseline -0.002 -21"><span class='ocrx_word' id='word_1_317' title='bbox 55 3294 205 3376; x_wconf 65' lang='lat' dir='ltr'>denotionis</span> <span class='ocrx_word' id='word_1_318' title='bbox 224 3310 254 3360; x_wconf 90' lang='lat' dir='ltr'>et</span> <span class='ocrx_word' id='word_1_319' title='bbox 272 3301 355 3362; x_wconf 88' lang='lat' dir='ltr'>tutius</span> <span class='ocrx_word' id='word_1_320' title='bbox 380 3302 477 3381; x_wconf 89' lang='lat' dir='ltr'>populi</span> <span class='ocrx_word' id='word_1_321' title='bbox 501 3301 705 3362; x_wconf 82' lang='lat' dir='ltr'>ieriesiunuat</span> <span class='ocrx_word' id='word_1_322' title='bbox 722 3302 797 3378; x_wconf 87' lang='lat' dir='ltr'>Dio,</span> <span class='ocrx_word' id='word_1_323' title='bbox 823 3300 919 3380; x_wconf 84' lang='lat' dir='ltr'>quales</span> <span class='ocrx_word' id='word_1_324' title='bbox 937 3298 1138 3378; x_wconf 82' lang='lat' dir='ltr'>Quinquatrus,</span> <span class='ocrx_word' id='word_1_325' title='bbox 1215 3299 1219 3308; x_wconf 77' lang='grc'><strong><em>’</em></strong></span> 
     </span>
     <span class='ocr_line' id='line_1_34' title="bbox 53 3391 1138 3474; baseline -0.003 -22"><span class='ocrx_word' id='word_1_326' title='bbox 53 3407 113 3468; x_wconf 73' lang='lat' dir='ltr'>urse</span> <span class='ocrx_word' id='word_1_327' title='bbox 134 3391 214 3472; x_wconf 88' lang='lat' dir='ltr'>apud</span> <span class='ocrx_word' id='word_1_328' title='bbox 232 3394 389 3454; x_wconf 87' lang='lat' dir='ltr'>Varronem</span> <span class='ocrx_word' id='word_1_329' title='bbox 412 3395 450 3456; x_wconf 90' lang='lat' dir='ltr'>de</span> <span class='ocrx_word' id='word_1_330' title='bbox 467 3397 489 3454; x_wconf 90' lang='lat' dir='ltr'>l.</span> <span class='ocrx_word' id='word_1_331' title='bbox 507 3396 527 3455; x_wconf 89' lang='lat' dir='ltr'>l.</span> <span class='ocrx_word' id='word_1_332' title='bbox 545 3397 577 3471; x_wconf 84' lang='grc'>6,</span> <span class='ocrx_word' id='word_1_333' title='bbox 594 3398 613 3456; x_wconf 73' lang='grc'>3</span> <span class='ocrx_word' id='word_1_334' title='bbox 632 3413 694 3474; x_wconf 84' lang='lat' dir='ltr'>sqq·</span> <span class='ocrx_word' id='word_1_335' title='bbox 714 3402 931 3469; x_wconf 86' lang='lat' dir='ltr'>enumerantur,</span> <span class='ocrx_word' id='word_1_336' title='bbox 956 3409 1084 3472; x_wconf 84' lang='lat' dir='ltr'>quaeque</span> <span class='ocrx_word' id='word_1_337' title='bbox 1107 3393 1138 3457; x_wconf 87' lang='lat' dir='ltr'>in</span> 
     </span>
     <span class='ocr_line' id='line_1_35' title="bbox 51 3475 1137 3566; baseline 0.003 -20"><span class='ocrx_word' id='word_1_338' title='bbox 51 3482 174 3546; x_wconf 69' lang='lat' dir='ltr'>summm</span> <span class='ocrx_word' id='word_1_339' title='bbox 185 3483 287 3548; x_wconf 79' lang='lat' dir='ltr'>cabulu</span> <span class='ocrx_word' id='word_1_340' title='bbox 300 3489 406 3566; x_wconf 80' lang='lat' dir='ltr'>magnis</span> <span class='ocrx_word' id='word_1_341' title='bbox 423 3489 522 3548; x_wconf 84' lang='lat' dir='ltr'>littaris</span> <span class='ocrx_word' id='word_1_342' title='bbox 538 3489 617 3548; x_wconf 80' lang='lat' dir='ltr'>iuxta</span> <span class='ocrx_word' id='word_1_343' title='bbox 628 3488 734 3550; x_wconf 87' lang='lat' dir='ltr'>litteras</span> <span class='ocrx_word' id='word_1_344' title='bbox 748 3487 913 3548; x_wconf 79' lang='lat' dir='ltr'>nundinales</span> <span class='ocrx_word' id='word_1_345' title='bbox 925 3475 1045 3566; x_wconf 88' lang='lat' dir='ltr'>scriptae</span> <span class='ocrx_word' id='word_1_346' title='bbox 1062 3493 1137 3549; x_wconf 74' lang='lat' dir='ltr'>suut.</span> 
     </span>
     <span class='ocr_line' id='line_1_36' title="bbox 50 3577 1139 3664; baseline -0.001 -26"><span class='ocrx_word' id='word_1_347' title='bbox 50 3577 157 3640; x_wconf 67' lang='lat' dir='ltr'>balim</span> <span class='ocrx_word' id='word_1_348' title='bbox 175 3581 445 3652; x_wconf 85' lang='lat' dir='ltr'>senatumluebitum</span> <span class='ocrx_word' id='word_1_349' title='bbox 464 3601 525 3642; x_wconf 86' lang='lat' dir='ltr'>essa</span> <span class='ocrx_word' id='word_1_350' title='bbox 550 3601 608 3644; x_wconf 88' lang='lat' dir='ltr'>ono</span> <span class='ocrx_word' id='word_1_351' title='bbox 631 3584 758 3664; x_wconf 80' lang='lat' dir='ltr'>exempla</span> <span class='ocrx_word' id='word_1_352' title='bbox 782 3579 881 3664; x_wconf 70' lang='lat' dir='ltr'>docuit</span> <span class='ocrx_word' id='word_1_353' title='bbox 906 3579 1022 3662; x_wconf 74' lang='lat' dir='ltr'>Augusti</span> <span class='ocrx_word' id='word_1_354' title='bbox 1046 3587 1139 3638; x_wconf 87' lang='lat' dir='ltr'>aetate</span> 
     </span>
     <span class='ocr_line' id='line_1_37' title="bbox 49 3671 1138 3755; baseline -0.001 -24"><span class='ocrx_word' id='word_1_355' title='bbox 49 3683 165 3734; x_wconf 75' lang='lat' dir='ltr'>umatum</span> <span class='ocrx_word' id='word_1_356' title='bbox 184 3675 336 3752; x_wconf 79' lang='lat' dir='ltr'>legitimum</span> <span class='ocrx_word' id='word_1_357' title='bbox 354 3695 412 3735; x_wconf 88' lang='lat' dir='ltr'>non</span> <span class='ocrx_word' id='word_1_358' title='bbox 429 3673 515 3746; x_wconf 77' lang='lat' dir='ltr'>tuisse</span> <span class='ocrx_word' id='word_1_359' title='bbox 526 3685 654 3754; x_wconf 84' lang='lat' dir='ltr'>apparat,</span> <span class='ocrx_word' id='word_1_360' title='bbox 673 3695 737 3738; x_wconf 87' lang='lat' dir='ltr'>cum</span> <span class='ocrx_word' id='word_1_361' title='bbox 747 3675 913 3736; x_wconf 83' lang='lat' dir='ltr'>Matronalia</span> <span class='ocrx_word' id='word_1_362' title='bbox 925 3691 961 3732; x_wconf 87' lang='lat' dir='ltr'>uc</span> <span class='ocrx_word' id='word_1_363' title='bbox 976 3671 1053 3755; x_wconf 76' lang='lat' dir='ltr'>apud</span> <span class='ocrx_word' id='word_1_364' title='bbox 1065 3672 1138 3731; x_wconf 80' lang='lat' dir='ltr'>Var-</span> 
     </span>
     <span class='ocr_line' id='line_1_38' title="bbox 50 3767 1136 3847; baseline -0.002 -21"><span class='ocrx_word' id='word_1_365' title='bbox 50 3783 133 3826; x_wconf 88' lang='lat' dir='ltr'>ronem</span> <span class='ocrx_word' id='word_1_366' title='bbox 152 3767 276 3847; x_wconf 74' lang='lat' dir='ltr'>quidem,</span> <span class='ocrx_word' id='word_1_367' title='bbox 295 3769 486 3846; x_wconf 79' lang='lat' dir='ltr'>Quinquatrus</span> <span class='ocrx_word' id='word_1_368' title='bbox 504 3767 674 3828; x_wconf 79' lang='lat' dir='ltr'>minusculae</span> <span class='ocrx_word' id='word_1_369' title='bbox 692 3771 768 3829; x_wconf 84' lang='lat' dir='ltr'>nulla</span> <span class='ocrx_word' id='word_1_370' title='bbox 786 3770 814 3826; x_wconf 92' lang='lat' dir='ltr'>iu</span> <span class='ocrx_word' id='word_1_371' title='bbox 834 3767 930 3828; x_wconf 79' lang='lat' dir='ltr'>uhab</span> <span class='ocrx_word' id='word_1_372' title='bbox 949 3772 1136 3844; x_wconf 84' lang='lat' dir='ltr'>compareant.</span> 
     </span>
     <span class='ocr_line' id='line_1_39' title="bbox 111 3857 1140 3938; baseline -0.005 -17"><span class='ocrx_word' id='word_1_373' title='bbox 111 3861 209 3938; x_wconf 63' lang='lat' dir='ltr'>‚Pergo</span> <span class='ocrx_word' id='word_1_374' title='bbox 227 3861 265 3921; x_wconf 91' lang='lat' dir='ltr'>ud</span> <span class='ocrx_word' id='word_1_375' title='bbox 290 3862 427 3936; x_wconf 82' lang='lat' dir='ltr'>alterum,</span> <span class='ocrx_word' id='word_1_376' title='bbox 450 3859 526 3938; x_wconf 90' lang='lat' dir='ltr'>quod</span> <span class='ocrx_word' id='word_1_377' title='bbox 546 3860 697 3921; x_wconf 86' lang='lat' dir='ltr'>Suetonius</span> <span class='ocrx_word' id='word_1_378' title='bbox 720 3860 834 3923; x_wconf 85' lang='lat' dir='ltr'>tradidit</span> <span class='ocrx_word' id='word_1_379' title='bbox 851 3863 1003 3936; x_wconf 85' lang='lat' dir='ltr'>Augustum</span> <span class='ocrx_word' id='word_1_380' title='bbox 1021 3857 1140 3936; x_wconf 82' lang='lat' dir='ltr'>amplius</span> 
     </span>
     <span class='ocr_line' id='line_1_40' title="bbox 50 3947 1138 4034; baseline -0.006 -18"><span class='ocrx_word' id='word_1_381' title='bbox 50 3956 152 4034; x_wconf 82' lang='lat' dir='ltr'>triginta</span> <span class='ocrx_word' id='word_1_382' title='bbox 168 3953 231 4014; x_wconf 86' lang='lat' dir='ltr'>dies</span> <span class='ocrx_word' id='word_1_383' title='bbox 248 3953 321 4018; x_wconf 83' lang='lat' dir='ltr'>ludis</span> <span class='ocrx_word' id='word_1_384' title='bbox 339 3954 492 4019; x_wconf 79' lang='lat' dir='ltr'>honorariis</span> <span class='ocrx_word' id='word_1_385' title='bbox 511 3963 663 4032; x_wconf 78' lang='lat' dir='ltr'>occupatos</span> <span class='ocrx_word' id='word_1_386' title='bbox 678 3955 752 4018; x_wconf 72' lang='lat' dir='ltr'>adul</span> <span class='ocrx_word' id='word_1_387' title='bbox 771 3974 864 4014; x_wconf 84' lang='lat' dir='ltr'>rerum</span> <span class='ocrx_word' id='word_1_388' title='bbox 883 3950 1047 4032; x_wconf 78' lang='lat' dir='ltr'>permisisse.</span> <span class='ocrx_word' id='word_1_389' title='bbox 1078 3947 1138 4008; x_wconf 86' lang='lat' dir='ltr'>Ne·</span> 
     </span>
     <span class='ocr_line' id='line_1_41' title="bbox 50 4041 1139 4128; baseline -0.009 -18"><span class='ocrx_word' id='word_1_390' title='bbox 50 4067 116 4110; x_wconf 81' lang='lat' dir='ltr'>censs</span> <span class='ocrx_word' id='word_1_391' title='bbox 135 4055 179 4108; x_wconf 86' lang='lat' dir='ltr'>est</span> <span class='ocrx_word' id='word_1_392' title='bbox 196 4048 401 4128; x_wconf 66' lang='lat' dir='ltr'>intelligamus·⁹</span> <span class='ocrx_word' id='word_1_393' title='bbox 426 4049 475 4128; x_wconf 86' lang='lat' dir='ltr'>qui</span> <span class='ocrx_word' id='word_1_394' title='bbox 499 4048 539 4110; x_wconf 88' lang='lat' dir='ltr'>illi</span> <span class='ocrx_word' id='word_1_395' title='bbox 565 4047 625 4108; x_wconf 85' lang='lat' dir='ltr'>dies</span> <span class='ocrx_word' id='word_1_396' title='bbox 642 4048 705 4108; x_wconf 90' lang='lat' dir='ltr'>sint.</span> <span class='ocrx_word' id='word_1_397' title='bbox 744 4049 902 4110; x_wconf 86' lang='lat' dir='ltr'>Preuoceut</span> <span class='ocrx_word' id='word_1_398' title='bbox 918 4045 1087 4126; x_wconf 80' lang='lat' dir='ltr'>interpretes</span> <span class='ocrx_word' id='word_1_399' title='bbox 1102 4041 1139 4100; x_wconf 83' lang='lat' dir='ltr'>ed</span> 
     </span>
    </p>
   </div>
   <div class='ocr_carea' id='block_1_3' title="bbox 50 4137 1139 4225">
    <p class='ocr_par' dir='ltr' id='par_1_3' title="bbox 50 4137 1139 4225">
     <span class='ocr_line' id='line_1_42' title="bbox 50 4137 1139 4225; baseline -0.011 -19"><span class='ocrx_word' id='word_1_400' title='bbox 50 4144 119 4210; x_wconf 83' lang='lat' dir='ltr'>lanii</span> <span class='ocrx_word' id='word_1_401' title='bbox 138 4141 258 4218; x_wconf 66' lang='lat' dir='ltr'>Diuce&#39;ni</span> <span class='ocrx_word' id='word_1_402' title='bbox 277 4143 367 4210; x_wconf 87' lang='lat' dir='ltr'>lucum</span> <span class='ocrx_word' id='word_1_403' title='bbox 384 4162 416 4225; x_wconf 85' lang='lat' dir='ltr'>p.</span> <span class='ocrx_word' id='word_1_404' title='bbox 435 4139 491 4202; x_wconf 88' lang='lat'>102</span> <span class='ocrx_word' id='word_1_405' title='bbox 510 4139 556 4204; x_wconf 86' lang='lat' dir='ltr'>sd.</span> <span class='ocrx_word' id='word_1_406' title='bbox 577 4141 690 4208; x_wconf 71' lang='lat' dir='ltr'>limile</span> <span class='ocrx_word' id='word_1_407' title='bbox 715 4137 894 4218; x_wconf 78' lang='lat' dir='ltr'>Hosorusios</span> <span class='ocrx_word' id='word_1_408' title='bbox 911 4137 1009 4215; x_wconf 79' lang='lat' dir='ltr'>ludos,</span> <span class='ocrx_word' id='word_1_409' title='bbox 1027 4152 1096 4214; x_wconf 78' lang='lat' dir='ltr'>uuus</span> <span class='ocrx_word' id='word_1_410' title='bbox 1109 4141 1139 4194; x_wconf 85' lang='lat' dir='ltr'>et</span> 
     </span>
    </p>
   </div>
   <div class='ocr_carea' id='block_1_4' title="bbox 0 0 1322 4678">
    <p class='ocr_par' dir='ltr' id='par_1_4' title="bbox 0 0 1322 4678">
     <span class='ocr_line' id='line_1_43' title="bbox 0 0 1322 4678; baseline 0 5"><span class='ocrx_word' id='word_1_411' title='bbox 0 0 1322 4678; x_wconf 95' lang='lat' dir='ltr'> </span> 
     </span>
    </p>
   </div>
  </div>
 </body>
</html>
