2688 4680
138 240 144 260 ’
304 235 310 246 ’
416 275 489 326 oon.
510 275 716 329 mrnnnnunrs
963 253 1109 340 nomin

55 427 95 488 luit
103 431 128 505 3,
138 427 173 488 34
188 436 217 489 nt
233 427 290 490 sine
304 427 359 488 alio
373 425 454 488 lirum
472 428 610 508 praesidio
628 430 690 490 illos
704 429 858 510 sequerer?
884 432 1006 502 Quando
1021 439 1119 504 disce·

56 517 108 578 dunt
123 521 188 599 qnod
206 522 355 601 saepsit,
380 522 561 580 Arundelinni
579 525 667 582 maior
686 525 837 602 meliorque
854 511 927 588 solet
943 529 1012 590 fides
1032 551 1109 598 esses

54 614 154 690 exemplo
171 616 331 700 1112274,
349 618 436 691 locus,
456 625 488 674 ut
506 615 573 673 milri
592 615 713 693 uidetur,
732 627 888 697 corruptus.
920 621 1109 689 Quamobrem

54 708 77 776 3,
87 707 129 762 369
139 715 166 766 et
175 710 203 784 4,
212 709 267 770 949
286 709 393 767 leuibus
418 709 446 766 in
472 709 555 782 rebus
575 709 752 771 Arundeliani
778 711 971 774 auctoritatem
996 717 1108 788 admisit

52 799 131 870 2392
146 798 270 860 baesitaui
289 801 389 860 adbuc.
426 801 479 860 Est
494 803 576 861 euim
602 804 650 860 ubi
668 811 697 866 et
721 805 744 862 is
769 803 959 865 difficultatem
976 812 1109 888 suspicio·

53 905 96 946 sun
113 891 137 948 in
153 893 258 953 modum
275 894 389 982 delinit²
408 899 439 971 2,
451 898 518 955 499.
556 893 684 965 Vossiani
702 895 868 974 elegantias,
894 899 971 960 uelut
988 907 1019 978 2,
1033 903 1109 980 ⁵513

51 984 139 1059 3311,
155 987 243 1063 6,-78,
263 987 346 1048 ualde
363 990 475 1047 amabat
487 988 626 1056 Heinsius.
654 987 719 1067 Ego'
736 990 886 1068 siquando
906 991 980 1051 bunc
999 997 1108 1074 potissi·

51 1089 106 1132 num
120 1077 208 1137 librum
225 1089 334 1139 secutus
348 1099 421 1156 sum,
439 1081 543 1140 iactum
556 1080 585 1138 id
600 1090 643 1152 est
661 1083 689 1140 in
708 1083 775 1140 locis
787 1081 931 1160 eiusmodi,
950 1087 1108 1168 ut6,131;

51 1165 132 1241 itm
149 1172 191 1230 nbi
210 1173 255 1233 nel
272 1175 543 1253 interpolatissimum
559 1176 690 1254 quemuis
708 1176 853 1235 admittere
872 1177 941 1247 ratio
961 1177 1068 1240 suisset.

105 1266 128 1323 4.
151 1267 345 1346 Fragmentum
364 1267 572 1328 llieldense
590 1270 690 1346 insigni
710 1269 902 1328 beneuolentia
919 1263 1116 1348 transmissum

49 1350 111 1415 luni
125 1376 141 1417 a
157 1359 326 1421 Wiednscbio
345 1362 406 1423 uiro
425 1360 599 1421 doctissimos
630 1380 664 1420 ac
688 1363 769 1422 boeot
792 1361 847 1422 boc
870 1363 932 1422 loco
948 1369 1107 1444 argumenti

50 1444 181 1512 bonesen
204 1456 286 1514 animi
310 1455 454 1532 gratissimi
473 1455 646 1534 professione
662 1455 840 1534 interpellare
863 1455 948 1535 idque
965 1470 1106 1539 repetere,
1199 1443 1201 1456 ’

49 1539 102 1614 qnod
117 1561 170 1604 cum
188 1549 323 1608 creditum
341 1547 501 1626 thesaurum
519 1541 688 1608 remitterem
707 1547 840 1623 testabar,
858 1551 990 1612 maiorem
1008 1553 1107 1615 buma-

48 1632 241 1702 nitat'uiroctum
259 1661 307 1702 me
330 1643 488 1721 percepisse
511 1661 546 1702 ex
569 1649 650 1718 tanta
672 1629 853 1716 liberalitate,
878 1660 962 1719 quam
984 1646 1013 1706 iu
1036 1646 1107 1707 baec

47 1726 112 1786 ttudin
134 1734 247 1795 utilitatis
271 1735 338 1796 inde
362 1735 546 1811 redundarit,
570 1733 651 1817 quod·
672 1743 773 1793 tamen
791 1733 939 1811 plurimum
964 1743 1032 1798 est.
1053 1738 1107 1818 ‚¹³¹

46 1813 223 1888 Ntbnmarberi
243 1830 396 1908 scriptione
418 1828 538 1908 quadam
560 1828 724 1888 scholastica
742 1828 808 1886 anui
829 1829 904 1888 1765
925 1828 1105 1908 iampridem

46 1925 148 1992 nonnam
165 1937 222 1998 mse
237 1925 345 2002 aliquot
361 1921 451 1981 bonae
464 1922 642 1981 membranae
660 1920 729 1980 tolia
747 1922 775 1978 in
794 1921 940 1982 inuolucro
954 1925 1025 1983 sacri
1043 1944 1106 1985 cor·

45 2008 99 2080 ptuit
113 2012 231 2093 inuenta,
255 2019 345 2075 mirae
364 2019 518 2074 uetustatis.
557 2017 692 2094 depectus
718 2021 779 2074 erat
803 2014 960 2074 miserabilis
978 2016 1105 2094 plagula·
1130 2001 1144 2090 '¹

45 2113 90 2156 mu
108 2115 160 2165 octo
183 2097 220 2176 i‘u¹
237 2110 358 2170 sedecim
383 2119 501 2169 octonae
519 2109 629 2178 minoris
655 2106 763 2166 formae
787 2106 855 2166 lolia
880 2111 1117 2187 complicatorum,

44 2193 118 2265 ilibus
129 2202 336 2262 continebantur
354 2221 451 2262 uersus
470 2203 549 2261 buius
569 2201 694 2260 carminis
714 2219 732 2260 a
749 2207 781 2276 2,
794 2200 852 2258 ⁵68
870 2199 906 2259 ad
925 2205 1025 2276 3204
1041 2222 1104 2262 rur-
1231 2243 1234 2251 .

45 2299 120 2364 utque
134 2292 191 2352 libri
208 2299 240 2372 4,
254 2298 315 2356 317
330 2295 367 2355 ad
382 2299 456 2372 8143
477 2295 601 2355 adiectae
620 2303 766 2373 praeterea
786 2303 865 2353 erant
884 2294 999 2363 laciniae
1015 2298 1107 2358 mino-
1123 2373 1125 2381 Ι

44 2392 75 2436 ra
89 2393 139 2444 octo
155 2387 272 2449 duorum
291 2390 411 2448 trinmne
430 2386 758 2467 digitorumlatitndine:
777 2387 870 2467 omnia
888 2389 1014 2467 quamuis
1032 2390 1104 2450 indi-
1163 2383 1166 2388 ’
1210 2391 1213 2399 ’

43 2472 144 2546 rumam
160 2492 188 2541 et
201 2483 397 2542 contumeliam
414 2499 555 2562 perpessa.
587 2481 760 2559 Frequentes
778 2497 891 2540 resurae
908 2489 938 2540 et
956 2485 1105 2544 correctio·
1233 2483 1237 2490 ’

42 2579 77 2623 W
90 2579 113 2628 tl
127 2576 218 2648 uariae
234 2579 393 2657 scripturae
412 2577 549 2656 ascriptae
560 2584 597 2635 et
615 2575 781 2654 glossemata
793 2591 812 2632 a
824 2582 932 2652 septem
945 2577 987 2634 uti
996 2575 1103 2638 Nabm·

42 2659 153 2726 mdo..
169 2669 313 2742 iudicauit,
333 2682 365 2730 ut
377 2670 442 2730 mibi
461 2671 550 2730 nisum
566 2677 610 2728 est
628 2667 748 2747 quatuor
766 2667 880 2726 diuersis
898 2669 1103 2750 manibuspro·
1208 2729 1210 2735 ,

39 2748 93 2813 lecta
106 2759 181 2822 tidem
197 2765 343 2828 iaciebant
353 2764 475 2825 studiose
493 2764 646 2823 lectitatum
660 2770 689 2820 et
703 2771 849 2821 tractatum
869 2763 998 2822 uolumen
1015 2762 1103 2824 fuisso

41 2859 85 2904 tun
99 2851 225 2934 integrum
244 2869 335 2920 esset:
355 2875 446 2937 neque
465 2857 518 2916 boc
536 2857 595 2916 sine
613 2843 832 2934 magno'borum
851 2856 1004 2914 studiorum
1016 2855 1102 2916 detui-

38 2951 118 3020 nato,
134 2960 163 3009 ut
179 2951 319 3032 intelliges
332 2971 368 3012 ex
381 2951 520 3010 annotatio
535 2950 611 3021 meis,
632 2950 678 3008 nbi
697 2948 763 3027 quid
778 2966 889 3027 quoqne
908 2949 970 3008 loco
985 2949 1103 3008 disacmi

39 3041 194 3104 iuuentam
212 3047 390 3127 nequiuerit,
408 3043 504 3104 sedulo
523 3043 652 3104 indicaui.
692 3044 834 3112 Quantum
853 3041 1018 3119 adtempus
1035 3041 1102 3100 sari·

38 3125 113 3198 loom
128 3139 235 3216 attinet,
254 3141 285 3200 iu
305 3141 459 3199 litterarum
477 3137 568 3197 forma
583 3147 667 3216 atque
679 3137 764 3196 ductu
783 3135 850 3194 nihil
868 3135 928 3200 iere
946 3134 1102 3218 depreben-

38 3213 121 3300 delam,
137 3232 201 3308 quin
219 3236 250 3293 in
269 3235 348 3295 libris
366 3232 469 3292 saeculi
488 3231 642 3292 duodecimi
662 3221 925 3289 animaduertissem.
961 3233 1102 3306 Agnosce·
1168 3239 1170 3246 ‘

37 3305 81 3372 lm
96 3335 206 3398 quatuor
223 3327 402 3396 librariorum
421 3344 535 3396 manus,
558 3326 675 3403 primam
694 3339 769 3400 quae
792 3322 872 3380 desiit
889 3323 979 3401 prima
996 3322 1100 3400 pagina

37 3397 136 3471 humil
152 3417 226 3480 5⁸9:
253 3421 388 3500 postremi
411 3429 468 3498 tres
493 3417 648 3496 quatuorue
671 3432 769 3488 uersus
786 3414 941 3474 festinantis
960 3415 997 3475 ad
1015 3415 1101 3476 finam
1150 3477 1154 3488 ,

35 3504 91 3570 1Μί
105 3510 237 3574 minorem
258 3513 355 3577 curam
373 3513 544 3592 arguebants
558 3509 644 3578 ‚radit
667 3507 766 3568 eadem
788 3525 887 3570 manos
903 3527 969 3588 pag.
989 3527 1063 3569 nona
1082 3527 1110 3568 a.

35 3603 95 3656 nean
109 3605 161 3663 841
180 3606 329 3668 dimidiato
346 3626 436 3686 usque
454 3605 490 3665 ad
509 3623 578 3686 pag.
599 3602 761 3672 undecimae
775 3601 867 3690 mem.
881 3621 910 3661 u.
922 3605 953 3679 3,
962 3604 1015 3664 49.Ι
1039 3603 1101 3662 aba

34 3697 120 3770 nsum,
143 3700 194 3758 nisi
215 3699 296 3760 sorte
314 3700 411 3760 eadem
431 3708 473 3760 est
492 3699 632 3776 argutiore
649 3697 757 3756 calamo
775 3713 837 3770 usa,
856 3696 966 3778 scripsit
984 3696 1101 3776 paginas

33 3775 55 3849 ὅ,
64 3785 87 3858 θ’
95 3791 122 3863 7,
132 3794 162 3866 8,
175 3797 194 3852 9
213 3794 252 3853 ad
274 3813 384 3852 uersum
399 3799 430 3871 2,
440 3795 496 3854 841
516 3791 686 3850 dimidiatum
701 3791 848 3851 laxioribus
861 3789 906 3848 lrio
918 3801 1029 3869 quoque
1047 3791 1100 3850 sub

31 3865 92 3936 filiu
107 3881 199 3946 litteris
219 3898 251 3948 et
273 3891 432 3948 uenusto
448 3905 518 3967 prae
536 3885 711 3946 festinatione
729 3884 841 3959 omisso,
860 3883 932 3943 redit
948 3888 1115 3978 ρ.12,13,1

31 3964 171 4053 ¹⁴s¹5‚l(i,
189 3966 296 4042 deinde
314 4002 343 4061 p.
355 3984 394 4039 27
412 3990 442 4040 et
459 4001 491 4058 p.
502 3982 552 4055 30,
564 3983 612 4036 31.
645 3979 744 4038 Tertia
761 3996 859 4037 manus
877 3977 972 4054 incipit
985 3995 1002 4036 a
1015 3993 1100 4050 uersu

30 4069 76 4138 lta·
85 4070 184 4146 Primae
197 4077 273 4152 190,
293 4075 392 4142 desiuit
405 4074 433 4131 in
445 4072 522 4132 calce
536 4091 603 4152 pag.
615 4072 764 4148 secundae,
784 4067 1098 4150 reditpagg.17-2t,

30 4147 127 4223 luerim
142 4165 199 4228 lina
217 4179 250 4230 et
271 4168 334 4248 ipra
347 4165 485 4230 deman
498 4165 616 4228 uidetur.
645 4163 756 4238 Quarta
773 4171 816 4226 est
833 4164 861 4222 in
880 4181 964 4244 pagg.
975 4169 1003 4234 3,
1010 4164 1042 4240 4,
1049 4163 1099 4233 26,

54 4263 166 4331 Quen
179 4277 279 4339 eatae.
833 4247 856 4320 S
912 4331 915 4337 ‚
