2688 4680
56 372 59 380 .
181 335 333 385 ccxxvm
387 301 391 310 ’
574 351 600 372 ,-
658 331 797 379 panaro
908 379 918 388 ,

182 491 214 567 8,
224 491 274 551 72.
318 483 425 547 Artium
447 481 677 562 auspicandorum
696 502 756 544 mos
774 482 840 548 Kai.
860 483 932 560 lan,
955 481 1013 543 Ou.
1034 463 1064 543 u.
1081 483 1151 561 1119,
1178 484 1290 546 uidetur

184 591 313 663 r'pectare
331 579 367 638 ad
385 580 482 638 Ianum
501 569 615 656 ἔφορον
631 571 734 656 πάσης
747 572 896 655 πράξεως,
915 597 999 656 quem
1014 577 1105 638 Varro
1124 589 1173 638 aut
1193 579 1291 658 Lydae

184 675 222 739 ir.
233 677 253 734 4
266 673 345 749 dixit,
367 673 500 748 Agnuinrn
515 687 597 748 quem
617 670 676 748 uine
695 671 781 730 dubio
799 672 926 748 inteiligit
937 671 1042 729 Paulus
1060 690 1090 749 p.
1103 677 1150 747 10,
1163 675 1193 731 h.
1227 675 1289 731 Hac

185 770 214 828 in
233 787 266 827 re
284 768 307 826 ri
326 765 446 825 fortauoo
463 765 567 823 sufficit
586 763 695 822 initialia
713 765 772 824 iani
790 773 931 844 potestat,
957 763 1015 823 uid.
1035 764 1134 823 Horat.
1153 781 1238 823 term.
1258 772 1289 841 2,

185 863 215 934 6,
229 865 279 939 20,
299 869 330 919 nt
348 877 410 917 cum
430 877 482 939 pro
502 855 648 916 duodecim
668 859 806 917 mentibus
825 857 970 917 duodecim
989 874 1057 917 arae
1076 857 1102 916 ei
1122 875 1290 917 conuectan-

63 993 70 1010 .
186 963 249 1032 tur,
276 953 333 1013 uid.
354 953 434 1013 libb
453 951 535 1028 sae,
560 968 616 1008 non
642 959 718 1009 recte
741 951 771 1009 id
796 951 975 1009 ahiacrobio
997 950 1096 1010 reierri
1121 950 1235 1009 uidetur
1254 952 1291 1010 ad

187 1051 302 1110 loronii
320 1065 490 1126 cognomenr
516 1052 633 1123 propter
658 1046 724 1104 anni
749 1043 855 1103 dierum
882 1062 1028 1104 numerum
1052 1046 1081 1104 in
1105 1045 1255 1104 simulacro
1273 1067 1291 1104 a

189 1143 284 1203 Numa
302 1153 463 1220 expteuuum
481 1137 602 1198 aPiinio
622 1147 680 1201 nat.
695 1138 758 1198 hiot.
774 1139 823 1214 14,
839 1139 876 1196 lii
894 1141 1025 1217 temporis
1044 1134 1073 1198 'et
1092 1140 1154 1196 aeui
1173 1139 1254 1214 deuo,
1273 1158 1292 1198 n

153 1307 157 1315 Ι
187 1237 321 1296 Fronteio
338 1233 413 1314 apud
430 1231 539 1310 Lydum
558 1223 672 1310 ἔφορος
687 1231 742 1292 τοῦ
758 1224 873 1300 παντὸς
885 1224 1001 1308 χρόνον
1016 1239 1204 1310 nuncupamur
1223 1234 1291 1290 oub-

190 1339 234 1388 ert
250 1328 444 1408 perpetuitatir
463 1327 549 1385 notia
590 1325 634 1384 Ex
653 1337 771 1406 unaque
789 1329 843 1385 iarn
864 1326 971 1406 pridem
989 1327 1118 1406 populari
1142 1325 1186 1384 dei
1205 1327 1292 1386 inter·

192 1423 352 1501 pretatione
367 1429 433 1479 nata
451 1428 494 1479 ert
505 1407 650 1478 do'ctorum
669 1421 816 1500 explicatio
829 1420 866 1479 de
885 1421 1000 1497 mundo,
1020 1421 1068 1499 qui
1086 1428 1215 1477 aeternna
1235 1429 1290 1494 eet,

191 1515 246 1576 cir.
260 1517 363 1592 Varro,
385 1516 540 1591 hug.7,7,
562 1522 593 1572 et
610 1513 730 1572 Messala
749 1513 826 1592 apud
844 1511 980 1590 Macrob,
1000 1513 1064 1572 hinc
1082 1512 1184 1571 deiude
1195 1511 1292 1572 Ouidii

188 1600 398 1688 tigmentnm'u.
414 1609 599 1682 rna-114,
625 1606 737 1686 dequo
758 1623 842 1685 cupra
863 1627 893 1686 p.
910 1625 942 1666 ou
961 1606 1026 1666 dixi.
1064 1604 1160 1665 Altera
1179 1625 1243 1685 pars
1261 1609 1292 1667 in

190 1701 244 1760 deo
262 1703 367 1760 reiecto
386 1710 429 1759 est
447 1700 551 1760 fabula.
580 1700 623 1758 Ea
643 1698 877 1780 quemadmodum
896 1697 933 1757 de
947 1699 1014 1756 iano
1032 1697 1153 1757 traditur
1172 1699 1291 1760 111011-

190 1795 237 1853 dio
256 1794 425 1853 nan-254
443 1806 472 1853 et
492 1795 619 1852 Varrone
645 1791 721 1870 apud
739 1794 920 1870 Augustinum
940 1791 977 1853 ir.
993 1797 1023 1866 3,
1051 1801 1159 1851 uetusta
1179 1811 1213 1850 ao
1234 1794 1291 1851 La·-

147 1889 149 1901 '
190 1890 249 1947 tina
266 1906 328 1947 eone
346 1896 454 1965 poteetr
482 1887 555 1945 fiiiuo
574 1888 632 1944 eius
650 1885 775 1959 Pontus,
795 1888 871 1943 cuiue
890 1905 939 1944 ara
956 1887 984 1944 in
1005 1886 1125 1944 {amunio
1144 1885 1209 1961 suit,
1230 1889 1290 1946 Cic.

190 1981 264 2060 legg.
277 1987 308 2056 2,
322 1985 371 2056 22,
382 1981 432 2055 56,
452 1979 487 2038 ab
507 1979 628 2037 Arnobio
648 1981 679 2053 1,
692 1979 729 2034 22
749 1976 913 2036 radicaret
933 1998 1001 2037 uxor
1020 1979 1144 2053 Iuturna,
1164 1982 1200 2038 ah
1221 1980 1293 2040 Oni-

82 2156 84 2162 ,
139 2069 148 2088 ’
190 2073 237 2132 dio
253 2082 321 2133 met.
336 2076 383 2145 14,
394 2075 525 2148 331381
542 2071 661 2130 Venilia.
691 2069 761 2128 illud
778 2069 814 2130 de
832 2075 894 2154 coitu
913 2067 1113 2142 innocentiora
1124 2071 1182 2132 Ou.
1195 2079 1293 2133 11241

165 2187 169 2205 ·
191 2187 268 2246 aqq,
293 2166 368 2246 quod
389 2185 451 2224 rum
469 2166 583 2224 Saturni
602 2166 734 2225 uarietate
753 2166 824 2224 bene
843 2165 1013 2242 quadrabat,
1037 2165 1151 2224 dubium
1171 2167 1218 2224 uir
1236 2179 1293 2244 cst,

191 2262 260 2342 quin
285 2261 395 2339 plurimi
420 2261 611 2319 Romanorum
638 2247 749 2316 caumm
778 2257 922 2315 claudendi
944 2277 1015 2336 pace
1039 2259 1097 2317 lani
1122 2263 1292 2338 putruerint,
1334 2296 1335 2319 t

191 2371 254 2412 uum
279 2354 479 2433 eucerimouia
500 2355 591 2432 potius
616 2351 731 2409 fabulae
754 2351 833 2428 urigo
858 2350 943 2408 fuisse
969 2351 1104 2414 uideatur.
1146 2355 1293 2414 Niebuhrii

191 2445 343 2524 disputatio
362 2445 425 2504 hiet.
445 2446 501 2504 Ro.
524 2451 551 2521 t,
565 2446 623 2504 324
641 2445 791 2503 adiuuatur
809 2444 900 2502 Seruii
919 2447 1074 2504 testimonio
1093 2447 1129 2505 ad
1152 2453 1220 2508 heu.
1242 2457 1293 2526 12,
1333 2457 1334 2489 ὲ

191 2543 259 2598 198.
293 2540 416 2597 Alterum
433 2538 479 2596 dei
497 2538 699 2596 matrimonium
720 2539 848 2596 conuenit
867 2557 929 2596 cum
947 2538 1043 2596 sabula
1061 2539 1099 2598 de
1109 2540 1292 2604 Lautoiarum

192 2633 310 2710 origine,
329 2631 366 2689 tie
385 2649 442 2709 qua
461 2650 545 2710 cupra
564 2650 594 2708 p.
606 2649 702 2689 oxnx
716 2649 758 2707 oq.
777 2629 880 2687 dictum
900 2639 952 2690 est.
990 2631 1088 2710 Longe
1108 2633 1294 2696 discesserunt

192 2723 382 2803 grammatici,
401 2743 520 2802 quorum
541 2725 666 2800 Hyginus
686 2733 757 2781 tenta
776 2723 918 2782 Macrobio
937 2733 991 2782 nat.
1012 2731 1076 2799 1,7
1097 2740 1141 2803 et,
1163 2740 1194 2787 ut
1212 2741 1292 2808 putu,

130 2809 135 2820 ’
192 2819 293 2878 Seruio
314 2815 350 2876 ad
370 2819 440 2874 hen.
459 2821 490 2891 8,
509 2821 567 2873 3³0
593 2835 706 2874 uxorem
727 2817 881 2894 Cameren,
906 2819 991 2879 filium
1012 2819 1137 2876 Tiberim
1153 2824 1292 2883 tradidit:

191 2911 262 2971 haec
280 2920 445 2991 repetuntur
463 2928 480 2968 a
496 2910 612 2968 Graecia
626 2909 790 2984 Protarcho,
808 2909 937 2985 1111111,
956 2911 1095 2988 Dracone,
1114 2913 1294 2996 Demophiiu,

191 3007 241 3086 qui
259 3006 351 3084 iprum
371 3003 467 3061 Ianum
485 3003 594 3061 exulem
615 3004 1136 3079 unauaui(SerurAeu.8,357)e1
1156 3006 1295 3069 Perrhae-
1330 2997 1331 3001 ¹

190 3100 237 3158 hia
257 3100 346 3175 (Piut.
365 3108 473 3176 quaeat.
493 3117 535 3155 ro.
556 3097 609 3170 22)
630 3099 747 3166 uenisse,
768 3097 806 3154 ibi
825 3117 893 3156 uero
912 3117 1034 3156 aurorem
1054 3109 1083 3156 et
1102 3119 1218 3160 uxorem
1237 3105 1295 3162 Ca·
1329 3159 1330 3168 ,

191 3195 278 3252 minen
297 3195 357 3252 ciue
376 3191 552 3252 Camasenen
569 3190 659 3268 (Lyd.
681 3191 717 3249 de
736 3209 823 3247 meno.
844 3191 874 3264 4,
893 3197 912 3247 2
932 3193 1006 3266 tim),
1025 3193 1111 3250 fliium
1131 3195 1294 3272 Aetherem,

191 3285 276 3346 filiunt
294 3285 439 3345 Ohoteuen
455 3285 568 3360 (Athen.
582 3286 629 3353 15,
640 3286 734 3356 aare)
754 3283 881 3341 habuisse
900 3303 934 3342 ac
952 3303 1052 3344 nomen
1072 3286 1139 3344 lano
1158 3287 1243 3347 fluuio
1265 3301 1295 3347 et

192 3379 283 3436 monti
302 3376 411 3436 dedisce
429 3375 716 3452 (arhen.15,unad)
735 3378 912 3434 commentati
937 3389 1010 3436 sunt.
1050 3378 1177 3438 Aethione
1201 3401 1295 3459 popu-

192 3471 237 3533 ltta
256 3479 285 3526 ot
303 3469 453 3528 Perrhaebi
471 3473 500 3528 in
519 3478 614 3528 monte
635 3469 723 3527 Pindo
742 3477 805 3525 sunt
823 3469 898 3546 apud
918 3456 1090 3550 Stephanum
1109 3473 1180 3550 Byz.
1202 3495 1228 3552 p.
1239 3479 1294 3550 30,
1327 3501 1328 3513 ¹

192 3567 232 3620 28
245 3561 329 3620 Diod.
350 3571 379 3618 et
396 3559 514 3619 Plinium
534 3575 592 3620 nat.
607 3562 670 3620 hiot.
685 3565 714 3632 4,
728 3567 760 3620 l.
795 3561 934 3622 Oloouoon
962 3566 1027 3622 urbo
1045 3563 1231 3626 Perrhaebicn
1249 3579 1297 3625 eut
1326 3587 1327 3618 ;

192 3655 336 3733 Stephano
356 3673 385 3731 p.
398 3653 464 3723 ³26,
481 3657 517 3710 19
526 3653 611 3712 Dind.
1326 3619 1327 3683 i

174 3771 177 3778 ⁴
268 3748 313 3806 De
334 3741 415 3806 ioue
434 3747 575 3825 uerbooiuu
593 3745 751 3823 disputandi
771 3747 851 3810 huius
870 3751 923 3810 iuri
944 3770 999 3811 non
1018 3761 1072 3827 ert,
1092 3773 1154 3812 cum
1172 3753 1297 3814 Ouidius
1325 3779 1326 3852 p

135 3845 141 3856 ‘
191 3859 242 3901 aex
261 3849 368 3899 tautum
388 3839 447 3896 cius
467 3840 630 3917 cognomina
648 3855 854 3904 commemoret.
883 3845 988 3903 Eorum
1006 3842 1062 3902 duo
1074 3845 1181 3905 Eiioiuu
1197 3853 1225 3919 3,
1236 3855 1299 3908 328

193 3944 224 3993 et
234 3935 334 3992 sutor
347 3934 378 4008 6,
387 3933 444 3988 787
466 3931 502 3988 de
521 3949 556 3989 eu
574 3951 677 4010 genere
695 3945 770 4009 cunt,
790 3946 821 3994 ut
832 3941 957 4014 Iuppiter·
971 3940 1063 4013 Lupia
1079 3938 1115 3995 fr.
1126 3943 1156 4014 6,
1175 3953 1300 4020 propter

193 4123 253 4179 riae
271 4116 422 4195 rupitihota,
448 4117 477 4177 h.
497 4135 536 4190 a,
562 4126 696 4195 utputo,
722 4123 782 4179 sire
799 4122 978 4198 imaginibus,
998 4124 1054 4180 uid.
1073 4143 1103 4202 p.
1114 4141 1208 4204 oxon,
1227 4129 1298 4184 sotir

63 4259 68 4269 .
193 4212 401 4292 ¹cognominibus
420 4208 599 4270 adumbratur
622 4209 706 4271 suine
724 4215 849 4296 scripsit,
877 4215 925 4292 qui
945 4213 1046 4273 deinde
1063 4219 1181 4275 murinis
1201 4237 1300 4296 prope

193 4026 269 4105 quud
289 4021 379 4084 Varro
406 4031 472 4082 ante
495 4024 570 4082 ilium
590 4025 663 4083 iouis
682 4027 832 4104 Capitolini
851 4029 1034 4106 principatum
1054 4035 1191 4091 irroratos
1207 4039 1300 4093 doner
