2636 4678
151 251 154 263 ἢ
206 295 278 342 m
655 295 688 342 V.
699 295 842 344 ,HGEM

204 455 319 511 rum
343 467 381 508 es
405 444 500 507 orsu
524 439 1287 527 mnodumnoemenseutettrrst.s,rn‚rt

204 533 297 622 Atque
314 544 374 618 ipse
392 541 463 599 adeo
481 539 640 600 Morcellius
665 560 787 601 errorem
813 540 980 600 emeudsuit.
1019 543 1059 600 lX
1076 544 1125 602 Kl’
1143 545 1210 604 hlei.
1229 545 1287 604 iden

204 637 291 695 Aldus
309 636 383 693 solus
403 634 455 692 NP
475 653 531 692 nou
551 637 679 693 ascribit:
703 637 886 712 inoogitunter
910 645 985 694 certe
1009 636 1094 711 fecit,
1121 637 1172 694 sed
1192 657 1288 716 magnas

203 733 298 790 corbas
316 730 400 792 edere
420 729 565 805 potuisset,
587 729 637 785 nisi
655 731 823 807 interpretes
836 727 999 800 defuissent,
1016 733 1065 808 qni
1084 729 1236 790 discrimine
1251 733 1287 789 illo

201 825 275 882 iuter
290 821 377 880 frutus
391 821 546 880 hlafleeuos
564 829 594 879 et
611 821 807 881 Praenestinos
825 823 1016 882 abuterentur.
1046 823 1092 880 De
1110 823 1165 888 huo
1184 843 1213 882 re
1230 824 1304 882 infru¹

200 917 337 994 copiosius
364 915 505 974 ummo.
550 914 590 971 lX
613 914 681 972 Kal.
705 917 766 975 lun.
791 917 889 994 relirpui
913 929 1026 994 prester
1052 916 1181 993 Pighiurn
1205 934 1304 976 ornnes:

200 1011 239 1080 Q.
259 1010 350 1067 REX.
371 1011 406 1068 C.
424 1008 460 1066 F.
499 1007 638 1065 Facilituti
661 1008 817 1068 intellectus
840 1011 985 1068 consulere
1010 1010 1178 1084 uoluerunt,
1203 1012 1300 1070 nensis

200 1104 294 1163 hlurtii
312 1103 413 1160 lemma
433 1101 529 1158 imitati
548 1109 628 1158 suut:
648 1119 753 1160 rnorem
772 1113 914 1180 receptum
934 1102 1068 1160 lectorum
1086 1121 1199 1180 pessum
1216 1103 1304 1162 <leue

199 1206 275 1256 runt.
314 1196 380 1254 Non
399 1194 534 1272 potuisset
553 1193 671 1252 Ouidius
689 1195 719 1269 5,
738 1199 797 1254 727
814 1198 935 1254 scribere

302 1287 1169 1366 Quotumindeootislooussst,qrrihusordirtrleolis-,
1303 1345 1304 1348 ,

197 1381 269 1443 ltin
289 1385 350 1440 ullis
364 1399 432 1440 suae
447 1381 545 1439 aetatis
563 1381 641 1439 fustis
660 1383 740 1440 aliter
758 1395 855 1441 extare
873 1384 920 1442 ille
938 1390 1072 1460 putasset,
1089 1392 1178 1458 utque
1191 1383 1304 1461 riguini

197 1478 327 1537 tradidit:
354 1475 430 1554 quod
449 1476 591 1553 perspexit
609 1477 777 1536 Vaassenius
795 1476 941 1535 Animadu.
964 1495 993 1552 p.
1006 1476 1064 1530 290
1090 1485 1238 1554 autequam
1259 1477 1301 1540 dtr

197 1569 287 1650 Pighii
305 1568 469 1648 apographo
487 1569 660 1628 innotuisset.
698 1570 741 1630 ld.
761 1571 822 1629 lun.
842 1569 928 1628 Aldus
954 1587 1017 1627 cum
1036 1567 1134 1644 Piglrio
1163 1573 1239 1650 ponit
1255 1569 1285 1646 N,
1293 1578 1304 1640 ,l

198 1667 245 1725 ulii
271 1675 442 1724 caueruunr
461 1661 559 1720 lduurn
575 1665 706 1741 exemplo
729 1664 855 1722 ohsecmi
873 1662 936 1720 NP.
974 1661 1045 1720 lllud
1071 1664 1191 1724 alterurn
1209 1673 1304 1737 tuetutl

196 1761 310 1836 Pighius
328 1761 356 1816 in
376 1757 593 1830 commentario,
613 1766 707 1815 tuetur
729 1757 857 1832 Ouidius,
878 1757 917 1814 uti
936 1755 1053 1834 posthac
1070 1759 1217 1836 intelliges,
1236 1772 1295 1825 cute

63 1853 68 1863 “
196 1833 274 1932 poot'
288 1852 353 1910 ldus
373 1850 484 1908 demum
510 1851 603 1908 nubile
628 1860 739 1929 tempus
764 1852 843 1928 pouit
861 1853 893 1925 6,
910 1853 978 1908 223.
1015 1848 1156 1910 Postridie
1181 1853 1220 1910 ld.
1239 1853 1304 1929 lun„

196 1946 296 2024 reliqui
314 1945 418 2001 hahent
435 1942 508 2018 EN,
533 1943 646 2020 Pighius
665 1947 733 2019 Eli,
759 1945 814 2002 hoc
832 1954 875 2003 est
893 1961 949 2002 uns
967 1942 1060 2000 littere
1078 1960 1164 2004 exesa
1182 1948 1209 2004 iu
1227 1961 1304 2023 marr

196 2059 276 2099 ruore
294 2038 392 2111 EEN,
420 2037 460 2094 uti
479 2038 538 2114 ipse
555 2036 668 2113 Pighius
687 2038 837 2096 intellexits
865 2036 932 2095 dicit
950 2037 1022 2095 euim
1042 2036 1071 2094 in
1090 2038 1304 2120 commentario„

197 2137 295 2195 nonies
315 2151 377 2191 esur
398 2141 491 2188 notum
510 2129 564 2187 EN
583 2131 699 2190 inueniri
725 2132 756 2188 in
783 2130 894 2188 tubulas
921 2148 975 2189 uon
995 2149 1066 2208 opus
1085 2141 1129 2188 est
1149 2132 1202 2189 alio
1221 2127 1297 2212 testi,s

196 2229 299 2286 monio.
337 2225 377 2282 Ill
394 2223 442 2281 ΚΡ
462 2223 514 2280 lul.
527 2234 564 2281 et
581 2223 620 2281 111
639 2224 785 2282 Non.1ul.
806 2224 944 2282 Graculus
964 2243 1110 2304 perperam
1136 2224 1304 2312 comitiales„r

195 2331 228 2380 et
245 2319 383 2380 nefastum
401 2317 474 2375 diem
494 2319 572 2378 lecit.
609 2320 732 2378 Alterum
752 2318 847 2376 uitium
867 2319 968 2394 repetit
982 2338 1044 2376 euru
1059 2320 1184 2378 Grutero
1201 2312 1295 2405 tulii,

195 2412 279 2486 Dee,
299 2413 415 2468 alterurn
434 2408 527 2468 1v1d.
544 2409 691 2470 Octobres.
720 2412 786 2469 Dies
801 2429 818 2469 a
831 2412 952 2470 Caesus
970 2412 1067 2487 additi,
1086 2413 1138 2470 nisi
1161 2413 1203 2470 utri
1220 2419 1289 2496 cert„¹

196 2523 281 2563 ceusu
299 2512 398 2580 postes
416 2503 581 2577 intercessit,
600 2504 666 2562 lusti
683 2505 809 2580 suerunt,
827 2505 914 2562 serise
933 2525 988 2566 nou
1010 2517 1076 2563 suut
1095 2505 1233 2578 nefastae,
1256 2499 1303 2610 dp,

194 2589 399 2678 Augustalibus
410 2613 445 2653 ne
463 2595 599 2654 Morcellii
617 2599 770 2656 ineruditus
790 2616 869 2656 error
880 2600 1014 2676 nonnum
1033 2609 1152 2674 nocent,
1172 2599 1244 2656 adire
1259 2593 1283 2676 l,
1293 2633 1303 2694 p

194 2693 269 2751 uehit
284 2689 458 2767 Foggiuiurn.
497 2691 550 2748 llio
564 2691 713 2768 Fogginius
732 2691 783 2748 Vll
801 2691 843 2749 Id.
858 2691 939 2768 Sept.
960 2691 1092 2761 ludorum=
1107 2693 1303 2812 Rornsruorttpp¹

192 2794 289 2842 uotum
307 2784 423 2857 omittit,
450 2785 525 2842 solur
549 2786 622 2842 inter
645 2801 741 2842 omnes
759 2785 871 2843 tehulse
890 2784 970 2844 huius
989 2785 1127 2859 editores,
1156 2795 1186 2846 et
1203 2791 1303 2900 multu

193 2878 363 2955 reliquorum
384 2879 465 2935 trium
486 2877 706 2936 celenderiorum
725 2876 825 2953 fidem,
850 2896 904 2936 nec
928 2880 988 2957 ipse
1010 2878 1039 2936 id
1063 2879 1226 2954 discrimen,
1249 2892 1269 2937 tt

192 2973 285 3051 potius
310 2990 372 3031 euru
396 2989 475 3030 suam
502 2972 697 3050 negligentium
724 2971 927 3030 animaduertit.
961 2973 1041 3032 XVII
1057 2973 1107 3031 Kl’
1125 2970 1192 3032 Oct.
1211 2931 1303 3078 ‘¹¹⁶¹thOE

191 3066 311 3124 litteram
328 3065 357 3122 N
375 3066 490 3143 insuper
507 3064 611 3136 habuit,
630 3083 715 3142 quem
734 3067 818 3124 credo
838 3065 954 3126 hoodie
974 3075 1003 3126 et
1021 3065 1093 3144 prid.
1115 3065 1159 3128 ld.
1177 3040 1303 3173 indicema

191 3175 227 3216 eo
245 3159 291 3216 die
309 3169 453 3219 senatores
471 3158 552 3217 Dinle
577 3158 690 3237 epulum
714 3160 742 3216 in
763 3160 901 3238 Capitolio
920 3159 1063 3219 celehrm
1080 3161 1196 3234 solitos,
1221 3169 1266 3236 qut
1292 3156 1297 3188 ⁸

190 3249 275 3310 docet
292 3253 346 3311 Dio
366 3257 413 3324 48,
432 3255 483 3329 52,
510 3262 542 3311 ut
565 3254 625 3312 eius
652 3252 816 3312 cerimoniae
841 3269 925 3310 ceusu
950 3271 1013 3312 curn
1038 3254 1103 3313 olim
1122 3269 1219 3312 ornnes
1236 3216 1302 3354 Ψ

189 3361 288 3404 eorum
308 3345 449 3422 ludorum,
471 3355 504 3404 ut
520 3366 607 3426 cupre
622 3365 658 3406 ex
672 3347 807 3406 Cicerone
824 3345 972 3406 ostendere
990 3365 1037 3406 rue
1055 3349 1176 3419 memini,
1196 3326 1302 3461 ussup&t

153 3443 161 3454 “
188 3435 304 3514 luerim,
325 3439 353 3496 hi
373 3439 432 3497 duo
448 3441 638 3498 remanseriut.
670 3438 763 3497 xvffl
780 3437 911 3498 Kl’Deo.
931 3439 1069 3498 Gurterus
1087 3439 1143 3498 diei
1160 3441 1280 3543 lustin,⁸

188 3539 247 3590 un
260 3533 360 3592 omisit.
380 3531 464 3591 uus
480 3539 523 3590 tot
539 3533 610 3590 uiti's
624 3541 731 3590 scetere
746 3532 820 3592 hunc
833 3533 956 3593 tabulam
970 3533 1047 3611 spud
1061 3534 1183 3612 reliquos
1199 3514 1302 3656 ornu':

119 3607 123 3634 ¹
144 3630 147 3642 '
186 3634 301 3702 praeter
318 3625 445 3704 Pighinm
464 3632 605 3700 sudores,
624 3643 698 3703 quse
715 3628 870 3704 quaestioni
887 3645 961 3688 nune
981 3627 1068 3685 mults
1086 3647 1150 3686 cum
1169 3629 1268 3695 obleet

186 3719 262 3778 tione
286 3717 471 3778 instituendae
496 3738 553 3778 non
572 3719 714 3798 potuerint
739 3738 795 3779 non
823 3722 932 3782 obmse.
970 3721 1201 3798 Comperebimus
1220 3683 1302 3832 eriz}un

184 3813 310 3872 abolem
333 3812 503 3872 Maliensem
522 3831 592 3871 erim
617 3811 728 3888 aequali
753 3821 856 3891 poetes
889 3815 917 3872 in
943 3833 1000 3892 qus
1024 3832 1056 3874 re
1080 3826 1193 3894 praeter
1217 3836 1255 3894 q¹
1279 3799 1302 3848 ¹⁸³

185 3907 272 3964 multa
293 3907 516 3984 explicabuntur,
536 3907 590 3964 hoc
608 3907 690 3964 etiarn
710 3913 829 3983 egetur,
850 3916 881 3964 ut
898 3910 1028 3986 qnoniam
1047 3928 1122 3968 nuuc
1140 3905 1264 4008 oertsq
1288 3901 1302 3945 '¹'

183 3998 343 4074 didicimus,
369 4016 425 4077 que
451 4000 479 4058 iu
505 4011 586 4078 perte
612 4000 707 4058 tabula
732 3999 857 4058 iniuriam
884 4004 1014 4081 temporis
1039 4014 1069 4061 et
1094 3963 1301 4062 detrimentoded

181 4107 264 4168 pessa
282 4094 336 4168 sit,
362 4109 561 4171 pernoscamus
578 4094 678 4164 etiem,
693 4094 752 4151 ubi
772 4111 883 4152 carmen
902 4113 1030 4154 maneum
1048 4107 1079 4154 et
1097 4063 1299 4175 superscendit

179 4185 216 4243 sit
232 4204 251 4245 u
269 4186 509 4266 poscerelictun.
546 4185 613 4246 Non
633 4186 671 4248 de
688 4205 738 4247 sex
757 4188 832 4246 libris
851 4188 899 4266 qui
918 4187 1020 4247 desunt
1036 4189 1154 4267 loquor,
1179 4187 1232 4249 sed
1248 4153 1301 4330 εξ
