2636 4678
466 329 510 374 ll'l'
530 326 707 386 mllfflkll
1074 291 1076 300 y
1100 327 1136 376 Id

72 480 103 538 lb
118 477 193 538 bault
210 479 264 538 Diu
280 477 433 538 institutum
452 497 513 538 erse
523 497 606 538 *anno
622 481 699 554 tto,
721 479 772 538 lh.
789 477 839 552 ts,
856 481 892 538 ²2
921 470 1002 544 ddunt
1018 469 1079 556 γὰρ
1096 469 1138 554 dt)

72 568 158 630 πολλοὶ
174 570 261 650 σφῶν
281 559 405 654 πένητες
425 563 609 650 ἐγεγόνεσαν,
628 565 706 631 ὥστε
722 559 802 650 μηδ’
823 564 1055 649 ἅγορανομῆσαί
1071 587 1139 633 τινα

75 659 119 722 διὰ
130 661 157 722 ri
167 659 296 744 μέγεθος
310 666 370 724 τῶν
387 657 597 741 ἀναλωμάτων
616 663 775 742 ἐθελῆσαι,
795 656 874 724 ἀλλὰ
889 655 928 722 roi
944 657 973 722 τ’
994 657 1072 724 ἄλλα
1088 657 1140 722 καὶ

79 749 111 816 τὰ
125 751 271 837 διιοςήρια
290 752 330 817 τὰ
355 757 394 838 τῇ
419 751 607 841 ἀγορανομίᾳ
626 751 819 836 προσήκοντα
839 759 904 827 τοῖς
922 759 1085 835 ςρατηγοΐς
1101 789 1141 806 -
1207 816 1209 820 .

82 852 298 929 προσταχθῆναι,
318 863 347 912 et
365 853 552 911 confirmatum
572 871 632 912 esse
650 870 723 912 anun
736 855 805 934 732,
824 851 872 910 lib.
886 839 982 926 best:
1002 853 1067 917 τοῖς
1083 843 1154 923 μὲν,

79 947 234 1022 στρατηγοῖς
259 940 316 1014 τὰς
341 937 524 1024 πανηγύρεις
547 937 650 1015 πάσας
675 939 890 1021 προσέταξεν..
908 943 1001 1006 Credo
1020 943 1142 1019 singulae

76 1037 198 1096 ueletiam
217 1041 310 1118 plures
329 1058 364 1099 ex
382 1039 495 1114 decern,
521 1040 565 1097 uel
584 1037 746 1113 duodecim,
770 1040 815 1097 uel
833 1035 951 1096 sedecim
969 1035 1143 1114 praetoribus

75 1129 176 1208 singulos
191 1133 270 1191 ludos
290 1133 379 1191 sortiri
398 1133 491 1190 solitos
516 1151 586 1192 esse.
623 1131 715 1189 Druso
733 1131 854 1213 praetori
879 1139 969 1194 certos
994 1129 1074 1190 ludos
1092 1131 1144 1188 ob·

76 1225 153 1299 ligiam
167 1227 255 1284 scribit
268 1227 322 1286 Dio
334 1227 384 1300 54,
396 1229 444 1300 et,
460 1236 489 1284 et
502 1235 610 1283 uetusto
629 1245 705 1282 moro
724 1227 794 1284 duos
813 1235 954 1306 praetores
973 1244 1070 1283 munus
1084 1225 1144 1302 gla—

77 1315 198 1376 diatorium
216 1321 328 1378 sortitos
345 1320 396 1396 69,
416 1321 463 1378 rt.
507 1319 578 1376 Hine
601 1317 684 1394 igitur
708 1330 768 1394 est,
797 1316 872 1396 quod
890 1319 1035 1395 Dionysius
1054 1318 1145 1382 narn.

77 1413 102 1484 2,
113 1413 143 1467 19
159 1411 234 1470 ludos
250 1411 424 1490 Megalenses
442 1431 459 1470 a
477 1411 650 1490 praetoribus
668 1411 755 1470 editos
774 1421 918 1488 memorat,
937 1412 1012 1490 quod
1028 1413 1146 1471 Seianus

78 1511 101 1560 et
110 1505 189 1562 Galba
204 1516 346 1584 praetores
359 1506 484 1564 Florales
498 1504 626 1564 exhibent
643 1505 816 1563 narrantibus
828 1505 919 1564 Dione
932 1507 981 1582 58,
996 1507 1043 1581 19,
1065 1505 1146 1564 Sueto

78 1594 144 1656 Golb.
157 1601 185 1673 6,
204 1599 279 1678 quod
297 1601 395 1660 mbuos
413 1608 526 1676 praetor
544 1615 636 1657 emere
653 1595 752 1664 dicitur
769 1598 805 1655 ab
821 1597 923 1656 Ouidio
935 1600 1022 1658 Trist.
1036 1599 1147 1675 2,ωῆ

81 1690 137 1763 quud
159 1711 223 1769 erga
248 1690 324 1762 τούς.
346 1711 379 1753 τε
405 1685 596 1771 στρατηγοὺς
616 1685 667 1750 καὶ
692 1683 765 1760 τοὺς
789 1680 926 1762 ὖπάτοος
949 1709 1011 1752 sese
1028 1691 1148 1754 efferunt

21 1773 23 1784 ’
82 1799 190 1858 equorum
210 1785 359 1864 agitatores
377 1783 453 1862 apud
470 1785 553 1843 Dion.
572 1787 622 1860 61,
636 1787 664 1843 6.
703 1783 786 1853 Quod
806 1804 868 1843 cum
887 1785 1039 1845 institutum
1059 1787 1094 1844 rit
1112 1804 1148 1845 ao

21 1865 22 1878 ¹
80 1895 123 1952 quo
138 1879 250 1937 indicaui
270 1888 413 1956 tempore,
438 1893 511 1935 anno
529 1877 587 1935 rto
605 1875 661 1934 dno
686 1879 856 1956 potissimum
875 1897 977 1957 genera
995 1879 1149 1939 ordineriu·
1174 1907 1176 1914 τ

80 1987 128 2027 rum
143 1981 272 2031 staturum
290 1980 321 2030 et
339 1971 585 2039 anniuersariorum
603 1969 730 2029 ludorum
756 1971 887 2049 suerunt,
912 1982 1038 2036 ueterum
1057 1983 1087 2033 et
1103 1989 1150 2033 re·

81 2065 223 2141 sentimum,
241 2066 289 2144 qui
308 2075 357 2124 aut
376 2083 394 2123 a
412 2064 593 2143 praetoribus,
613 2074 662 2123 ant
680 2079 698 2120 a
716 2065 871 2124 oonsulibus
890 2073 1061 2137 curarentur,
1079 2085 1150 2148 quo-

79 2173 129 2214 run
145 2160 256 2216 alterum
275 2169 369 2218 utrum
387 2157 564 2217 honorarium
581 2157 684 2216 dictum
703 2169 764 2216 esse
783 2168 811 2216 et
830 2157 887 2216 dies
906 2168 955 2218 aut
971 2177 1082 2230 omnes,
1102 2168 1151 2218 aut

80 2261 142 2309 uerte
160 2273 190 2310 eo
209 2253 292 2332 quein
310 2249 460 2310 Suetonius
484 2249 569 2309 tradit
593 2267 707 2309 numero
732 2251 853 2311 nefastus
878 2251 1005 2312 habuisse
1027 2259 1152 2332 oportet.

80 2345 149 2424 Atqui
163 2345 198 2404 de
215 2353 346 2424 praetore
364 2343 517 2420 honorato,
543 2343 580 2402 de
597 2344 657 2401 iure
675 2343 822 2402 honorario
839 2363 924 2422 snpra
942 2347 1074 2404 monitum
1093 2355 1153 2410 eota

80 2439 162 2515 pignus
178 2456 290 2518 quoque
307 2435 484 2496 honorarium
504 2427 690 2512 πραιτώριον
710 2430 849 2516 ἐνέχυρον
867 2439 1082 2518 interpretantur
1094 2441 1152 2499 Fa-

81 2529 149 2588 bretti
170 2534 277 2610 glossae
302 2529 376 2610 apud
401 2531 539 2590 Reitaium
563 2529 599 2587 ad
623 2548 707 2610 supra
733 2531 851 2608 positum
871 2533 1021 2612 Theophili
1045 2527 1152 2595 locumr
1275 2533 1278 2540 '

85 2622 133 2700 ipre
145 2625 310 2703 Theophilus
330 2625 420 2689 1163.
439 2624 542 2682 6613.
561 2625 636 2694 §.22
661 2615 843 2702 πραιτώριον
863 2621 968 2702 ἔνοχοί
983 2659 1023 2676 --
1042 2621 1155 2698 αἵτινες

83 2712 124 2773 sul
140 2709 294 2796 ὃνοριὶριαι
313 2717 488 2778 καλοῦνται.
527 2717 616 2776 Multa
635 2717 689 2778 elia
706 2718 876 2776 Foroallinns
896 2721 1064 2797 suppeditat.
1101 2720 1154 2792 Ni·
1265 2741 1267 2748 ’

83 2811 113 2868 hil
135 2813 210 2889 igitur
234 2831 358 2888 nouum,
373 2813 407 2870 'si
431 2810 490 2868 ludi
516 2829 628 2890 quoque
650 2811 782 2891 praetorii
808 2812 982 2872 nominantur
1006 2812 1154 2875 honorarii.

82 2903 142 2963 Ludi
155 2908 322 2982 consulares,
341 2922 410 2982 quos
427 2914 532 2964 constet
549 2907 621 2964 cirea
635 2923 737 2963 annum
748 2905 807 2964 716
821 2903 954 2962 celebrari
970 2905 1064 2964 solitos
1083 2921 1155 2982 esse,
1239 2980 1244 2987 ί

81 3017 162 3057 onnes
180 3000 237 3058 dies
257 3001 346 3060 minus
366 2998 476 3075 triginta
495 2997 611 3057 habent:
632 3017 697 3061 nom
716 3016 766 3058 eos
785 2997 915 3068 nefastos,
933 2999 1083 3076 ignoratur.
1118 3002 1157 3062 At

81 3091 141 3150 inter
157 3093 310 3172 praetorios
327 3091 408 3150 ludos
425 3092 567 3150 Romanos
586 3101 661 3177 certe
679 3091 766 3154 fastos
785 3108 840 3148 non
859 3091 985 3150 habuisse
1004 3092 1088 3150 eredo
1101 3111 1157 3174 np-
1222 3115 1224 3122 a

82 3203 165 3262 parere
184 3205 218 3244 er
235 3186 296 3246 Cio.
316 3181 351 3242 ad
369 3183 436 3242 fam.
456 3188 486 3262 8,
504 3188 539 3243 82
567 3189 614 3247 M.
637 3188 767 3244 lbooirtm
791 3192 976 3248 accusatorem
993 3203 1084 3274 auom!
1095 3193 1159 3277 port

82 3275 396 3341 hlmltomoaos‘rouat
413 3277 470 3354 loos
486 3277 581 3336 Plotio
598 3275 633 3337 de
649 3281 681 3336 ui
697 3278 773 3352 fauit,
793 3277 843 3336 eir.
860 3279 982 3350 Veral,
998 3283 1047 3356 10,
1065 3283 1093 3354 §.
1104 3285 1158 3343 tta

85 3390 110 3430 er
123 3373 358 3452 Quinquatribus,
378 3372 598 3452 Megalensibus,
618 3371 789 3446 Cerealibus,
810 3371 975 3448 Floralibus,
995 3375 1159 3451 Apollinari-¹

21 3509 22 3520 r
83 3467 135 3540 bro,
152 3467 307 3542 Romanis,
332 3460 451 3525 Plebeiis
469 3463 541 3523 ludis
568 3466 679 3540 triginta
705 3465 750 3523 uel
778 3464 859 3524 etiam
883 3467 969 3544 paulo
990 3467 1160 3546 plureadies

21 3565 22 3634 ζ
80 3563 156 3640 colligi
174 3562 301 3640 potuisse
318 3557 453 3636 spondeo.
495 3559 574 3620 Haeo
598 3557 746 3618 hactenus:
774 3559 855 3617 iubeo
880 3577 954 3616 nuuc
978 3561 1107 3618 lectorem
1132 3559 1160 3616 in

21 3693 22 3738 γ
81 3657 189 3714 tabulam
209 3654 283 3712 infra
301 3651 465 3730 descriptam
490 3651 641 3710 seeundum
660 3671 781 3716 marmur
805 3653 946 3738 antiquum
965 3653 1078 3736 Augusti
1096 3651 1161 3715 anni

21 3739 22 3752 ¹
81 3749 270 3814 ordinationem
288 3747 462 3831 complexum
481 3746 589 3808 intueri.
