2688 4680
190 251 258 305 cut!
658 251 703 300 nu
723 251 798 300 DEI!

129 467 132 478 ,
189 413 319 481 moenam
337 357 509 484 potissimum
527 401 581 462 ritu
601 420 653 480 pro
672 357 850 470 1611616ιὶ16·
868 362 1285 478 numerumnunerum

190 507 235 558 ert
252 496 328 573 iude,
345 497 422 575 quod
439 497 468 555 ia
486 515 582 575 pugna
593 495 774 558 Locrensium
786 495 920 556 6666666
929 497 1106 556 Crotoniatas
1121 495 1157 556 ad
1168 497 1286 575 Sagram

79 633 82 640 ,
127 639 128 646 ,
190 591 275 670 panio
293 598 358 648 aute
376 607 457 668 reges
474 588 565 649 Roma
583 591 712 668 expulsos
730 588 1013 653 Lacedaemoniorum
1032 589 1077 650 dei
1095 588 1199 648 ionem
1219 609 1285 670 ope-

190 701 250 744 rmn
270 683 475 761 praestiterunt,
495 699 585 760 esque
602 683 672 744 fides
689 701 743 762 per
761 682 857 742 ltaliae
876 682 1011 750 inferioris
1029 682 1101 758 loca,
1118 683 1147 742 iu
1168 703 1286 762 quorum

137 821 138 826 η
188 778 261 838 serie
278 775 353 854 apud
370 777 546 844 Clauseoium
566 774 693 836 desidero
712 775 805 834 Seruii
825 775 1012 844 testimouium
1031 774 1068 833 de
1086 779 1181 836 tacitis
1196 779 1287 852 Amp-

189 869 241 932 ciis
257 869 294 930 sd
312 871 382 932 Aen.
403 873 451 945 1⁰,
470 871 539 945 664,
565 869 667 927 tradita
694 866 831 928 decimum
851 877 917 947 post
934 886 1037 928 annum
1056 870 1084 928 iu
1103 870 1204 929 animis
1224 872 1286 930 Rc-

141 1035 145 1046 ,
181 981 332 1024 'manorum
351 962 418 1023 dnm
436 961 473 1021 ad
498 962 587 1022 lacum
606 961 746 1039 Regillum
764 971 917 1039 pugnatur,
936 961 1157 1037 praesentissime
1175 966 1285 1026 reuisit.

189 1057 289 1118 Cultus
313 1058 476 1116 constitutum
503 1065 547 1114 est
572 1053 610 1114 ed
637 1055 682 1118 rei¹
700 1063 796 1131 gestae
821 1054 993 1132 exemplunm
1023 1073 1127 1134 pompa
1151 1054 1286 1134 eqneiua

109 1191 111 1206 .
188 1151 253 1230 quia
275 1139 439 1228 ἡγούμενοι
463 1150 520 1226 τῆς
535 1137 704 1225 Ῥωμαίὶῆς
726 1141 825 1206 innoc
852 1148 904 1206 uisi
927 1147 1039 1209 iuuant
1062 1147 1126 1224 dei,
1154 1151 1215 1228 ipso
1240 1151 1285 1213 die

187 1261 313 1324 pugnae,
338 1242 478 1320 atempIn
496 1241 593 1303 uana
617 1250 682 1300 aute
708 1251 818 1318 portam
838 1241 997 1321 Capenam,
1022 1251 1170 1319 postquam
1192 1243 1224 1303 id
1248 1245 1285 1302 ibi

187 1336 259 1412 init,
277 1345 351 1394 tecta
370 1336 433 1410 nia,
451 1343 483 1396 nt
500 1343 581 1414 puto.
618 1332 744 1394 Eandem
766 1333 882 1392 deorum
900 1332 1122 1392 informationem
1142 1334 1191 1392 diu
1209 1336 1285 1396 inse-

186 1428 260 1488 disse
278 1428 374 1487 animis
393 1425 532 1486 nominum
551 1426 634 1486 docet
653 1425 849 1506 redintegratio
863 1426 987 1485 miraculi
1008 1426 1283 1502 belloMacedcnicc,

186 1521 245 1581 uid.
264 1531 348 1582 testes
366 1520 442 1600 apud
458 1520 635 1580 Clauseninm
653 1537 720 1579 aun.
736 1523 822 1596 1216,
841 1537 924 1598 qoem
944 1519 1047 1582 nollem
1056 1520 1160 1580 Valerii
1169 1521 1283 1580 Maximi

185 1614 278 1673 locum
298 1619 328 1687 1,
346 1616 377 1688 8,
398 1618 414 1673 l
433 1614 570 1674 Lactantii
588 1614 714 1692 exemplo
734 1620 765 1690 2,
783 1618 803 1674 8
826 1615 916 1674 miuus
939 1622 1018 1672 recte
1035 1614 1189 1692 accepisses
1216 1633 1283 1674 uam

186 1717 262 1766 certe
285 1706 384 1768 aedem
410 1708 532 1786 patuisse
558 1726 611 1785 pro
633 1719 799 1786 argumento
824 1708 937 1786 ponitur
964 1705 1047 1764 etiarn
1069 1704 1182 1768 Persico
1208 1707 1285 1768 bello

185 1798 326 1880 proiectos
344 1817 380 1858 ex
397 1817 432 1858 ea
450 1799 487 1860 ed
507 1800 693 1861 anxiandum
717 1801 796 1860 deos.
832 1797 1003 1858 Eorundem
1022 1797 1125 1856 ordinis
1145 1802 1284 1878 equestria

185 1893 300 1954 tutelam
319 1903 369 1952 aut
388 1890 426 1950 ad
444 1892 562 1968 Augusti
588 1900 714 1971 tempora
739 1893 853 1954 durasse
873 1893 1021 1968 Dionysius
1039 1894 1069 1964 6,
1090 1896 1126 1952 13
1150 1902 1284 1970 testatur,

184 1999 353 2064 quamquam
378 1976 577 2065 πραττόμενα
595 1976 718 2061 ἔμαθον
741 1986 822 2061 dicit,
845 1997 894 2044 aut
917 1986 954 2044 ab
970 1984 1095 2062 Augusto
1119 1998 1284 2046 reuocatam

184 2097 246 2140 esee
265 2098 338 2140 anno
357 2080 393 2139 V.
407 2081 443 2158 C.
456 2081 515 2138 760
533 2081 659 2139 restituto
678 2098 752 2138 anno
766 2081 823 2138 tte
843 2079 946 2157 templo
965 2077 1086 2138 iudicare
1104 2077 1216 2139 uidetur
1225 2080 1284 2140 Dio

184 2171 364 2248 0661663,
383 2176 432 2250 27,
449 2177 503 2232 etr
529 2182 596 2232 nnuc
614 2175 688 2234 enim
708 2173 826 2251 primum
846 2171 1056 2232 transuecticnis
1073 2174 1209 2248 (monae,
1231 2177 1285 2250 63,

184 2265 238 2342 13)
257 2267 425 2326 mentionem
437 2264 514 2327 facit.
544 2266 653 2327 Fabula
664 2265 803 2327 Ouidiana
819 2268 849 2341 6,
865 2267 1029 2324 nee-720
1047 2284 1103 2325 nou
1122 2264 1206 2338 ualde
1224 2265 1285 2328 hnc

182 2359 319 2435 pertinet:
348 2369 471 2418 notetur.
488 2368 580 2421 tamen
603 2361 632 2420 iu
655 2358 810 2432 certaminis
825 2377 923 2418 cansa
947 2359 1009 2418 6666
1038 2358 1189 2422 conuenire
1214 2379 1284 2423 cnm

183 2448 327 2510 Theocriti
344 2451 383 2512 id.
397 2457 436 2510 22
455 2461 484 2512 et
496 2453 626 2530 Propert.
646 2459 676 2531 1,
691 2454 772 2529 2,16
792 2451 1014 2510 dusemientibus
1026 2449 1146 2510 Pindaro
1160 2461 1191 2510 et
1200 2451 1284 2512 Pau·

182 2543 271 2618 rania
289 2545 317 2602 iu
335 2546 397 2604 loco
416 2563 479 2604 cnm
490 2547 613 2607 Homero
632 2548 664 2609 11.
677 2552 707 2622 3,
719 2547 788 2620 346,
806 2545 924 2605 formose
936 2541 1057 2602 Pindaro
1069 2543 1153 2604 Nem.
1168 2548 1217 2618 10,
1229 2549 1283 2624 61,

180 2631 316 2711 Pansae„
328 2637 454 2712 Titurio,
473 2636 538 2698 uide
554 2655 640 2717 cupre
659 2657 690 2716 p.
701 2655 804 2710 xcnr,
822 2635 1008 2715 Lycophrona
1026 2656 1054 2696 6.
1063 2637 1123 2696 659
1139 2648 1169 2697 et
1186 2639 1284 2718 inpri-

181 2727 233 2788 mis
251 2726 396 2806 Stephano
414 2730 484 2808 Byr.
504 2749 535 2809 p.
544 2733 594 2803 97,
612 2734 632 2791 9
650 2729 734 2790 Diod.
755 2729 932 2790 6166666616
950 2728 1120 2807 potissimum
1136 2730 1283 2794 Pausania
1333 2801 1334 2806 ἵ

180 2824 214 2895 3,
234 2825 282 2898 13,
304 2828 336 2898 ¹3
355 2823 384 2882 in
403 2839 514 2902 pugnae
531 2813 629 2884 ordine
647 2823 746 2886 leuiter
762 2822 944 2898 abomnibus
965 2821 1080 2882 discedit
1098 2823 1235 2904 Ouidius,
1252 2829 1283 2888 in

179 2915 222 2974 rei
239 2913 296 2974 tine
314 2918 441 2995 congruit
459 2916 581 2978 Pindaro
599 2917 728 2987 maxime,
748 2916 834 2976 uerba
853 2923 993 2975 mutuatus
1010 2915 1125 2992 Virgilii.

253 3009 384 3070 idaiam
403 3012 569 3072 averroes
588 3011 639 3086 ita,
658 3011 698 3070 uti
715 3010 751 3068 ab
765 3008 868 3071 Ouidio
882 3009 917 3086 6,
935 3010 973 3068 85
991 3028 1045 3089 pro
1062 3009 1117 3070 dea
1134 3015 1283 3074 commum

177 3099 300 3164 habitam
320 3103 408 3164 uided
425 3121 511 3183 snpra
529 3104 636 3164 ostendi
654 3122 686 3181 p.
702 3119 854 3164 cuxxxu.

253 3197 299 3257 De
316 3199 435 3258 Fauno
455 3216 568 3258 amesae
584 3208 626 3258 est
640 3196 732 3256 medio
752 3197 825 3256 inter
837 3195 906 3254 deos
919 3213 1078 3266 communes
1096 3204 1126 3257 et
1141 3201 1283 3278 proprius

175 3288 240 3376 ipcc
257 3291 356 3354 dicam.
394 3294 565 3354 AVarrone
584 3291 707 3350 habiturn
731 3309 792 3351 csse
816 3309 868 3368 pro
891 3290 945 3348 dac
965 3290 1079 3368 proprio
1098 3295 1282 3368 cognoscitur

174 3384 339 3462 ciregmm.
358 3392 375 3444 1
395 3395 424 3445 et
442 3391 500 3461 13,
514 3386 674 3464 quibuscum
694 3383 820 3447 conferas
838 3383 966 3444 Laetam.
988 3388 1018 3458 1,
1036 3388 1089 3458 22,
1107 3385 1230 3461 August.
1252 3406 1278 3448 c.

173 3475 205 3538 d.
224 3479 334 3552 13,16.
372 3477 491 3538 Ouidius
507 3484 537 3550 ’2,
552 3480 621 3552 266,
640 3479 698 3536 266
716 3474 845 3556 lupercos
862 3477 952 3536 Fauni
969 3475 1141 3550 sacerdotes,
1161 3497 1190 3536 n.
1204 3482 1277 3556 260,

173 3571 233 3628 270
251 3571 378 3630 Faunum
396 3572 492 3646 Pana,
517 3591 547 3634 n.
561 3573 619 3630 364
637 3572 766 3631 Faunum
785 3571 813 3632 iu
832 3570 940 3648 Lydia,
967 3589 996 3629 u.
1012 3571 1070 3652 369
1089 3571 1278 3647 sonipedem,

172 3683 202 3722 u.
215 3667 273 3722 422
287 3669 438 3739 mansuer,
456 3668 488 3740 4,
499 3664 557 3724 660
571 3663 749 3724 Maenalium
763 3661 851 3733 dauon
871 3682 900 3722 u.
913 3665 969 3724 663
988 3663 1055 3742 pade
1072 3663 1152 3734 doro,
1171 3664 1203 3734 5,
1218 3669 1276 3727 101

159 3761 354 3836 'mammam
372 3766 525 3836 nuncupat.
560 3756 679 3816 Nonnisi
697 3761 727 3832 3,
746 3760 802 3821 201
822 3775 865 3836 sq.
891 3756 974 3816 deum
993 3758 1138 3837 proprium
1157 3757 1279 3816 uidetur

172 3869 335 3930 agnoscere,
353 3869 520 3932 quamquam
539 3868 575 3910 ne
593 3850 648 3908 iilic
663 3850 776 3928 quidem
789 3851 848 3912 Pici
864 3849 951 3910 filium
970 3851 1068 3918 secuse
1081 3850 1210 3910 dunin.
1241 3852 1277 3914 16

170 3945 250 4006 Ibide
268 3954 297 4006 at
316 3942 583 4024 metamorphosibns
600 3945 689 4026 maior
711 3945 793 4004 etiam
812 3951 856 4002 est
873 3944 1066 4008 inconstantia.
1104 3945 1220 4006 Scilicet
1240 3945 1281 4004 ii-

170 4039 275 4099 iamin
294 4041 406 4099 modum
420 4037 590 4117 grammatici
609 4037 794 4116 «1666166661.
832 4036 948 4096 Seruius
966 4038 1005 4100 ad
1022 4056 1068 4116 ge.
1084 4043 1111 4113 1,
1123 4043 1178 4108 106
1202 4040 1279 4100 616-

173 4135 234 4196 oius
250 4140 278 4196 at
299 4135 414 4196 066666
431 4135 513 4196 cim
536 4129 572 4195 61
589 4131 725 4196 Euandro
743 4135 871 4194 Fossam
890 4131 969 4192 darni
986 4131 1167 4212 oppedam
1207 4133 1280 4192 Hoc
