2678 4668
428 363 473 411 nn
493 319 593 414 nocrs'
606 365 785 417 nnxrorosrs
902 359 905 366 '
1043 375 1202 427 cxnvn-
1328 399 1329 410 ι

66 514 191 573 iibrnrnm
217 517 368 574 densensns
394 515 531 590 ubuum,
561 517 709 596 quominus
733 517 955 599 supplementum
980 521 1056 584 Festi
1081 526 1158 606 quod

65 608 211 666 uioientum
226 626 279 666 nee
293 617 388 686 aptum
408 625 469 668 esne
486 627 598 684 censeo,
617 611 780 672 emendetur
798 613 825 671 in
844 629 906 674 enm
919 619 1081 678 sententium
1100 621 1157 679 its:

65 701 234 778 [ruentum
251 699 265 772 ii
279 697 312 759 in
328 715 426 778 eampo
444 705 555 762 Martio
574 702 687 776 ioo[om,
711 710 856 766 rentum
874 709 916 766 nit
934 708 970 767 ub
988 727 1019 767 eo
1035 704 1048 778 ΙΙ
1063 710 1156 770 duet-
1187 772 1189 780 ,

64 794 122 854 &m
140 796 243 870 {niem
268 793 339 871 prod
358 797 448 865 t[errn
469 794 507 854 ibi
529 814 579 872 per
597 795 676 858 iudos
690 795 703 874 ii
716 799 857 858 Sentiorie
875 802 952 858 Ditis
968 803 1156 880 putridorum

62 890 181 948 omines
199 895 351 967 tero-iiber·
368 885 404 946 nd
416 890 493 966 equis
506 889 715 968 prndripurdis,
736 891 808 969 qood
822 893 944 966 (moron)
957 892 1071 967 fabulor
1087 895 1153 972 fre-ii

63 981 146 1042 tilitas
169 983 324 1058 neurim
343 979 469 1058 euniberto
491 985 596 1042 nombd
619 983 697 1068 orbis
723 982 947 1056 Tarenti-linae.
975 986 1048 1064 qood
1071 1005 1156 1065 quun

62 1077 167 1136 oriiiiu·
183 1075 319 1146 reinflant
336 1077 375 1132 eii
392 1085 448 1132 etc.
484 1076 529 1134 Ex
546 1076 603 1136 istis
618 1095 685 1136 nero
705 1079 865 1138 testimoniis
885 1080 961 1138 iocus
976 1080 1078 1138 Valerii
1092 1079 1158 1140 Ma:

61 1171 120 1229 rimi
139 1169 268 1248 proxime
286 1167 321 1224 ed
342 1165 475 1226 Ouidium
493 1167 615 1229 ueoedits
639 1170 762 1246 ioqnitnr
785 1171 857 1230 enim
876 1170 912 1230 de
931 1172 992 1250 ripe
1010 1173 1153 1231 Tiberine.

61 1263 245 1332 Quamobrem
265 1260 300 1318 nd
319 1269 414 1340 partes
434 1263 589 1321 uorsuerim
610 1263 699 1322 Seruii
719 1262 810 1321 iocum
829 1262 865 1321 nd
884 1266 954 1323 Aen.
969 1269 998 1338 8,
1012 1267 1066 1323 63:
1087 1266 1154 1337 (Ti·
1188 1309 1191 1320 .

62 1357 142 1430 beris)
160 1358 192 1414 ie
211 1354 309 1432 olineto
326 1357 410 1414 dure
429 1354 505 1414 urbis
521 1363 604 1433 porte
625 1361 774 1415 wormium
791 1356 868 1428 (eod.
883 1357 984 1419 'Gneii
1007 1359 1153 1431 Tenemus)

59 1449 169 1520 diriter,
193 1467 227 1508 eo
249 1448 323 1526 qnod
344 1453 423 1527 ripun
446 1454 528 1507 tum.
571 1447 634 1508 Neo
658 1457 726 1528 puto
748 1450 933 1527 spernendam
952 1467 1014 1509 esse
1034 1451 1153 1524 Nardini

60 1547 240 1603 eonieerururn
261 1547 290 1616 3,
309 1563 339 1621 p.
352 1545 390 1601 97
408 1543 445 1600 de
464 1540 556 1618 pniin
574 1544 640 1619 ripn
657 1541 702 1600 dei
720 1530 816 1621 nnnrpo
834 1545 961 1614 Morzin,
982 1542 1040 1602 ob'b
1056 1561 1152 1622 preren

58 1643 159 1716 ρίαωιι
177 1635 297 1698 Niuosio
314 1653 329 1692 o
346 1637 380 1693 S.
399 1637 492 1696 Lusio
509 1635 603 1694 deiin
623 1639 743 1713 Pinio,
764 1635 843 1696 doliu
862 1643 1015 1696 nimature
1033 1635 1078 1699 dei
1099 1640 1151 1696 rb·

59 1748 114 1790 nore
131 1748 238 1808 sompno
257 1727 375 1788 bnibotn.
1149 1783 1152 1794 ,

126 1823 170 1880 Ab
188 1825 242 1880 isto
261 1821 355 1880 Seruii
372 1821 528 1880 testimonio
547 1831 688 1897 emonenr,
710 1830 741 1879 ut
758 1821 812 1880 iem
831 1839 904 1881 nuno
920 1821 956 1881 de
972 1819 1068 1881 Ouidii
1086 1840 1151 1880 ner·
1229 1875 1231 1878 .

56 1915 125 1974 sibus
144 1917 176 1991 4,
194 1917 253 1973 329
266 1923 296 1973 et
312 1919 369 1973 330
388 1935 480 1992 agam,
499 1917 527 1972 in
546 1917 646 1994 quibus
665 1916 719 1974 looi
738 1915 866 1992 religiosi,
885 1915 934 1974 sed
954 1915 1011 1974 fieti
1030 1933 1048 1972 a
1066 1921 1152 1993 poete

57 2009 220 2067 mentionem
240 2027 371 2086 agnosco.
410 2009 551 2079 Heinsius,
571 2011 620 2087 qui
638 2010 723 2066 uerba
743 2009 864 2067 nondum
883 2009 950 2066 satis
973 2007 1149 2084 intelligeret,

56 2102 208 2180 sequendos
231 2104 342 2180 putauit
366 2102 491 2177 codices,
520 2121 589 2180 quos
612 2103 757 2179 probasset
780 2102 845 2160 abbi
868 2101 1049 2178 plerumqnes
1074 2108 1156 2182 reete¹

56 2193 123 2254 ierit.
153 2195 325 2256 Posteriores
342 2195 472 2272 editores,
491 2197 532 2252 nti
550 2194 640 2254 soient
655 2203 808 2254 metuentes
821 2193 858 2251 de
872 2211 922 2251 sua
940 2192 1148 2262 existimatione,

54 2289 163 2369 siquod
176 2291 306 2347 Heinsius
322 2287 451 2348 edixisset
465 2308 520 2348 non
536 2289 729 2365 inteiiigerent,
747 2285 876 2365 quiequid
890 2286 989 2344 uolunt
1001 2285 1150 2356 somniare,
1193 2321 1201 2348 ι

55 2385 141 2442 nendo
156 2382 223 2462 qnid
239 2382 341 2441 docent
357 2382 395 2441 de
407 2383 517 2440 sinistro
532 2381 613 2439 eiuen
627 2380 737 2436 'i'iberie
752 2380 781 2436 in
796 2397 873 2438 mere
886 2378 1047 2456 profluentis
1060 2394 1152 2456 prope
1264 2429 1269 2432 .

55 2475 158 2537 Ostium
177 2476 350 2554 nsuigdtioni
367 2477 485 2554 aptiore.
523 2473 658 2532 Rembet
675 2473 760 2550 igitur
778 2481 809 2530 ut
827 2470 937 2530 indocte
951 2472 1071 2530 insulem
1090 2471 1150 2535 Ve-

54 2573 120 2631 neris
139 2589 204 2629 enm
223 2570 314 2628 insuia
332 2569 485 2646 deseuiepii
504 2561 723 2642 confunderem,
750 2565 912 2632 unifarium
931 2574 975 2624 est
992 2583 1009 2624 a
1029 2565 1150 2624 &ilario
1243 2563 1245 2570 ’

54 2682 143 2742 geogr.
158 2673 216 2722 enta
231 2669 258 2733 1,
279 2682 308 2741 p.
321 2663 393 2720 6³4:
411 2662 521 2721 memini
539 2661 568 2718 id
587 2661 669 2718 etism
688 2661 719 2718 in
738 2658 857 2738 quodem
877 2658 993 2718 Sickieri
1012 2660 1083 2725 libro
1101 2676 1148 2718 me

53 2756 267 2836 deprehendere.
307 2755 380 2814 Nem
399 2756 451 2813 nisi
466 2753 573 2814 ostam
592 2754 665 2812 forte
684 2756 766 2812 etium
786 2760 958 2832 putauerunt
978 2769 1040 2810 erse
1058 2768 1150 2829 prope

51 2851 164 2912 insulem
181 2847 349 2927 Aesculapii,
367 2859 417 2907 ant
435 2848 609 2926 exploratum
628 2848 786 2907 habueruut
804 2846 922 2906 insulam
940 2845 1058 2904 Veneris
1077 2861 1149 2921 qno·

51 2965 101 3024 qne
119 2955 155 3005 nt
171 2945 246 3003 iiiam
266 2941 332 3000 oiim
348 2961 403 3000 non
424 2943 520 3018 fnisse,
540 2943 615 3022 quod
632 2959 769 3020 nusquam
788 2940 916 3013 meritur,
936 2955 995 2996 nun
1016 2937 1150 2994 memine-

50 3049 109 3098 runt
135 3038 288 3097 aduentum
311 3037 390 3094 nanis
409 3035 518 3094 Οειῑωι
542 3037 602 3096 iem
623 3032 930 3112 u.291essignifireri.
967 3027 1048 3092 Libri
1066 3028 1150 3104 igitur

49 3131 100 3192 fide
117 3131 196 3210 digni
213 3127 290 3209 quod
308 3129 456 3208 exhibent,
482 3131 568 3190 Atrio
590 3129 734 3205 biduino,
761 3145 819 3186 non
841 3125 933 3194 ostio,
952 3119 1145 3199 explicandum

48 3237 86 3285 ert
104 3225 143 3287 de
163 3224 300 3285 domicilio
319 3221 363 3280 dei
383 3223 539 3298 fluuistiiis3
559 3223 611 3283 cfr.
630 3232 696 3283 met.
714 3226 743 3292 8,
758 3220 832 3278 662:

243 3318 356 3375 Primioe
372 3316 522 3376 mubioosro
540 3333 589 3376 nou
606 3315 712 3376 butino
730 3313 827 3372 nitio
845 3309 936 3389 topbie

243 3411 359 3469 Sinnio
375 3409 459 3469 subit.
696 3405 699 3418 “

47 3505 119 3585 virg.
143 3508 215 3564 Aen.
235 3507 267 3578 8,
280 3506 333 3560 θῦε
363 3508 418 3563 iiio
434 3505 504 3564 stibi
521 3521 627 3580 monuo
639 3490 751 3562 dorsus.

46 3597 85 3659 [ie
103 3619 139 3659 es
157 3598 288 3658 Tiberini
309 3599 386 3674 regia
405 3595 486 3656 facile
502 3603 593 3676 potnit
611 3596 707 3653 fairnin
726 3593 874 3670 excogitari
893 3599 942 3649 ent
960 3608 978 3648 a
996 3586 1144 3666 prioribus,

47 3703 90 3750 ent
109 3696 148 3753 ab
167 3691 294 3764 Ouidio,
319 3692 342 3748 si
361 3693 387 3749 in
408 3692 496 3749 altera
515 3704 577 3749 utra
594 3690 688 3750 inflexi
708 3691 750 3761 (u.
765 3683 836 3760 329)
854 3685 974 3742 iinminis
993 3682 1055 3760 ripa
1074 3678 1146 3736 aubi

46 3787 162 3861 speeiem
182 3785 337 3843 effecerant
361 3785 464 3859 undae,
485 3785 540 3842 nid.
560 3785 625 3842 sest.
645 3787 675 3856 b,
689 3785 756 3854 66²,
777 3776 1010 3858 quemadmodum
1030 3773 1147 3833 Seruius

46 3877 95 3937 ior.
114 3879 176 3938 ind.
196 3877 295 3936 tradit:
323 3879 507 3954 Strbnpentem
529 3880 620 3955 ripun]
641 3875 793 3943 rudentem,
818 3875 1029 3931 imnrinueniem.
1068 3869 1148 3928 Num

45 3967 91 4031 lou
108 3980 153 4033 ost
177 3971 299 4032 biberini
317 3970 441 4044 tiromistiu
459 3976 616 4049 proprioru,
637 3969 706 4028 odeo
725 3974 758 4026 nt
776 3966 810 4025 ob
830 3966 953 4038 antiquis
972 3967 1084 4021 Rumon
1102 3959 1149 4018 n
1242 3957 1244 3967 '

47 4071 102 4124 rtur
119 4069 175 4137 rit,
201 4069 284 4145 quusi
308 4068 389 4144 ripun
406 4069 552 4124 ruminans
570 4071 597 4122 ot
619 4062 745 4122 eredens.
784 4064 821 4120 ln
847 4061 939 4118 sonnio
957 4058 1042 4115 etinnn
1062 4057 1149 4113 Serto

47 4153 255 4220 nusum...
281 4159 343 4219 Cir.
365 4158 401 4218 nd
420 4163 451 4232 8,
468 4158 515 4217 95.
554 4157 586 4216 Si
604 4158 713 4215 Romae
731 4173 830 4230 essem,
851 4167 1014 4231 quaererem
1033 4149 1074 4206 rei
1094 4160 1147 4202 ne-

46 4251 122 4328 ⁸figh
142 4250 216 4312 eires
244 4255 349 4331 Gompo
373 4257 470 4312 Morio
499 4251 545 4309 nei
569 4247 733 4310 Pboinreiin
758 4258 788 4304 et
814 4259 969 4394 ezpponenr
992 4240 1022 4300 di
1051 4251 1147 4298 menso

885 4341 904 4392 2
