2678 4668
205 371 335 422 cxxxiv
587 325 630 417 DM
652 369 793 417 AMDlBVS
814 367 924 417 666676

206 523 320 586 difficile
336 523 381 584 eit
395 519 491 600 dictus
515 521 628 600 egregie
651 530 745 582 minen
764 519 802 580 ud
821 538 882 580 eam
901 515 1068 582 locutionem
1088 519 1204 600 quadrat
1219 521 1298 580 uon·

207 620 276 680 senii
296 619 470 691 coniectura,
492 616 542 694 qui
566 615 651 674 imum
677 615 768 674 locum
793 616 822 675 in
846 614 941 675 mediis
959 615 1020 676 iere
1036 615 1168 694 graditur
1186 627 1298 676 uuluam

205 696 327 790 Augusti·
340 711 461 770 tenuisse
479 717 575 767 censet
593 727 622 787 p.
631 713 680 769 20.
697 710 747 769 ‘ln
765 710 877 768 cummis
896 726 966 786 ergo
983 710 1113 786 gradibus
1133 711 1168 767 ab
1187 719 1299 788 utroque

205 805 294 866 latere
312 803 387 864 Mara
406 814 436 862 et
454 803 664 883 Venus‚-prout
684 801 769 861 Ouid.
788 803 910 877 161112,
925 803 993 876 296,
1011 805 1049 862 96
1068 802 1162 877 tradit,
1180 804 1300 878 tuemur,

207 897 308 956 deinde
326 899 353 955 in
373 898 483 975 porticu
501 896 646 956 sinistra-e
664 897 779 974 regione
796 894 912 952 venem
927 897 1033 955 Aeneae
1052 906 1083 955 et
1100 898 1149 974 qui
1166 899 1303 956 corruat

206 990 380 1067 indicuntur,
405 991 434 1049 in
453 991 541 1049 altera
560 1007 578 1046 a
601 989 690 1049 latere
707 989 804 1046 Martie
822 988 967 1046 Romulus.
1006 989 1093 1048 Certe
1110 991 1181 1049 enim
1198 989 1304 1052 sellun-³¹

188 1083 273 1161 'tnr,
299 1085 346 1164 qui
365 1097 462 1142 uersus
482 1084 646 1158 aua-uo,
675 1083 797 1161 inprimis
823 1080 1011 1160 postremum,
1037 1083 1249 1162 interpretantur
1266 1069 1304 1142 de

136 1201 143 1208 ·
210 1194 298 1258 opere
321 1178 350 1236 in
376 1177 465 1235 ualuis
491 1177 587 1255 templi
609 1176 734 1251 caelato,
762 1193 818 1235 nou
844 1175 880 1234 ed
905 1184 1021 1234 statuar·
1037 1177 1232 1255 quinquaginta
1254 1195 1302 1234 sex

208 1270 369 1352 triumphali
387 1269 483 1329 habitu
503 1271 530 1328 in
551 1279 670 1348 utroque
689 1270 849 1346 hemicyclio
868 1268 1003 1329 referunt.

284 1361 459 1423 Mercurii
485 1362 608 1422 aedem
634 1362 789 1422 dedicatam
815 1363 900 1421 tradit
924 1363 1020 1422 Liuius
1039 1361 1081 1422 ld.
1100 1361 1167 1420 Mei.
1186 1362 1247 1420 enni
1266 1363 1302 1422 V.

210 1457 245 1518 C.
264 1457 333 1534 269,
351 1457 400 1516 lib.
413 1461 444 1531 2,
460 1461 498 1514 22
518 1465 547 1514 et
565 1459 614 1516 27.
652 1455 744 1516 Locus
764 1475 820 1516 non
839 1458 891 1516 uici
914 1457 942 1514 iu
960 1457 1065 1514 ⁴notitia
1084 1455 1166 1515 Vrbis
1183 1473 1238 1534 reg.
1253 1457 1305 1531 ΧΙ,

210 1549 261 1612 red
279 1549 470 1610 minuretiam
492 1546 622 1625 definite,
650 1569 734 1630 quam
761 1551 840 1630 apud·
855 1549 1006 1623 Ouidium,
1032 1547 1176 1606 indicator.
1209 1547 1307 1626 ltaque

212 1646 394 1724 &onesimum
413 1652 456 1702 est
470 1635 617 1702 Francesc'i
634 1643 768 1723 Angeloni
787 1640 972 1703 testimoninm
991 1641 1028 1701 de
1045 1641 1169 1701 aedicula
1180 1639 1308 1699 Mercurii

212 1745 286 1809 „tro
311 1737 333 1797 il
357 1735 467 1798 dercilo
484 1737 625 1797 Mussimo
651 1738 686 1797 o'l
703 1743 803 1801 Monte
820 1737 982 1798 Artcnlino”
1001 1733 1119 1812 11161111,
1146 1733 1220 1812 quod
1244 1736 1309 1795 uide

212 1829 289 1907 apud
308 1829 424 1889 Nardin.
445 1834 476 1904 3,
495 1848 524 1907 p.
534 1830 603 1888 246.

290 1923 421 1984 Aedem
440 1923 593 1982 lunonis
611 1923 785 1984 Monetae
804 1921 960 1981 dedicatam
979 1920 1047 1981 Kal.
1065 1921 1126 1978 lun.
1145 1920 1263 1980 Ouidius
1282 1931 1311 1982 et

212 2015 338 2076 Macrob.
356 2027 410 2077 sat.
431 2017 525 2090 1,12‚
545 2035 575 2094 p.
587 2019 656 2090 248,
685 2034 760 2075 annu
778 2018 816 2082 V.
837 2017 873 2077 C.
893 2019 952 2074 410
969 2015 1066 2074 Liuius
1085 2017 1114 2086 7,
1129 2018 1168 2073 28
1187 2014 1311 2075 tradunt.

214 2113 363 2171 Auctorem
381 2109 418 2172 L.
434 2109 549 2168 Furium
566 2109 712 2168 Caruilium
730 2119 815 2190 poeta
834 2118 863 2169 et
881 2109 990 2187 Liuius,
1010 2117 1092 2168 notae
1110 2109 1185 2167 aedir
1204 2119 1313 2188 ternpus

214 2201 416 2263 dimicationem
442 2215 539 2262 contra
558 2203 702 2261 Auruncos
730 2213 873 2282 nuncupat
897 2203 1003 2261 Liuius.
1047 2203 1187 2282 Restituta
1212 2202 1315 2262 deinde

214 2295 327 2356 uidetur
346 2315 419 2356 anno
437 2297 474 2357 V.
493 2298 529 2356 C.
548 2296 617 2374 661,
638 2296 693 2357 uid.
713 2297 777 2357 Liu.
797 2301 847 2373 42,
866 2299 895 2355 7.
934 2298 1045 2356 lnerant
1063 2296 1124 2354 libri
1144 2293 1231 2370 lintei,
1248 2295 1314 2355 Liu.

216 2390 248 2462 4,
266 2391 298 2466 7,
316 2393 366 2448 20.
404 2387 500 2449 Posita
518 2390 571 2449 luit
590 2391 620 2450 in
640 2409 705 2450 arce
724 2391 754 2451 iu
779 2408 845 2449 area
863 2389 962 2448 domus
982 2391 1024 2448 M.
1042 2388 1136 2447 Manlii
1156 2389 1316 2467 Capitolini,

216 2477 326 2540 dirutae
344 2499 418 2540 anno
437 2481 473 2540 V.
493 2481 528 2540 C.
548 2485 621 2542 371:
651 2483 714 2544 uide
731 2483 794 2543 Lin.
814 2487 843 2555 6,
864 2487 902 2542 20
924 2492 954 2543 et
971 2481 1118 2542 Niebuhrii
1143 2482 1319 2558 praeclaram

217 2570 432 2650 disputationem
450 2571 514 2631 hist.
528 2573 583 2633 Ro.
602 2579 634 2651 2,
648 2577 706 2635 680
718 2595 761 2654 sq.
800 2577 882 2645 Quae
900 2575 1017 2636 Ouidius
1036 2575 1071 2636 de
1089 2593 1124 2634 eo
1142 2573 1250 2635 Manlio
1269 2577 1326 2636 trs-n

218 2665 277 2741 bet,
294 2665 380 2725 credo
399 2664 546 2745 desumpta
565 2685 625 2725 esse
644 2687 679 2727 ex
700 2669 756 2726 lroc
769 2680 848 2729 sexto
862 2669 995 2730 Varronis
1014 2669 1095 2746 libro,
1114 2687 1199 2745 quern
1218 2670 1321 2729 eodem

218 2756 304 2817 modo
323 2757 440 2818 deloco
459 2761 554 2838 templi
578 2760 737 2820 deseruisse
760 2763 923 2824 coniecerim
941 2771 1056 2841 propter
1079 2761 1241 2840 fragmenta
1264 2762 1322 2822 duo

100 2924 103 2932 1
218 2863 305 2932 supra
323 2861 405 2932 texto¹
419 2854 480 2912 loco
499 2855 651 2934 proposita.
688 2855 801 2914 issitus
825 2856 977 2914 accuratius
996 2855 1127 2914 delinitur
1145 2873 1230 2915 uerau
1251 2856 1325 2919 Onia

220 2944 258 3003 dii
278 2946 308 3021 1,
320 2947 389 3022 638,
409 2947 456 3004 ubi
472 2946 646 3006 Concordiae
663 2952 797 3028 templum
817 2967 907 3028 prope
924 2947 1026 3027 gradm
1045 2947 1180 3008 Monetae
1198 2967 1263 3008 esse
1282 2951 1324 3009 di·

219 3039 308 3111 citur,
334 3030 495 3118 dequibus
514 3039 644 3118 gradibus
663 3060 719 3100 uon
745 3053 788 3102 est
813 3043 894 3101 iacile
912 3043 1071 3120 disputare,
1093 3042 1117 3100 ei
1134 3041 1249 3102 Romae
1268 3055 1324 3102 non

219 3131 321 3210 fueris,
339 3133 389 3194 aed
410 3133 598 3192 difficillimum
618 3135 663 3194 nel
681 3135 831 3212 Romanis,
851 3136 928 3194 uelut
948 3135 1070 3194 Ceuinae
1088 3154 1118 3212 p.
1130 3134 1186 3207 55,
1205 3138 1258 3214 qui
1277 3149 1324 3196 uel

220 3229 308 3283 terem
333 3235 446 3285 tuentur
471 3227 646 3306 opinionem,
674 3228 773 3288 Arcem
785 3229 922 3309 &Capitolii
945 3228 1032 3287 iciam
1049 3246 1146 3287 uersus
1165 3209 1324 3304 meridiem]

199 3317 357 3394 'templum
383 3318 456 3377 louir
483 3338 551 3378 uero
576 3322 625 3378 nbi
647 3320 731 3382 lrodie
754 3321 877 3381 Arooeli.
922 3323 1100 3384 Contrarium
1129 3323 1205 3380 enim
1234 3323 1323 3382 docui

220 3407 389 3469 Niebuhr-ius
409 3411 474 3470 hist.
488 3411 659 3490 R0.·1,5te
678 3427 741 3474 cum
759 3415 836 3490 aliis,
862 3413 1031 3477 nid.annat.
1052 3415 1157 3491 61166,
1173 3435 1204 3496 p.
1217 3423 1323 3493 20,21

130 3529 138 3551 =
228 3503 341 3562 uanum
353 3505 459 3584 prodita
477 3507 553 3586 apud
567 3507 639 3567 Tac.
652 3507 715 3567 hist.
729 3507 818 3584 3,71.
838 3507 893 3566 iruc
911 3527 967 3566 non
983 3507 1123 3586 pertinere
1141 3520 1258 3571 certum
1277 3499 1323 3571 esi

119 3669 123 3678 Ι
222 3595 296 3656 Vide
313 3597 351 3656 de
369 3597 421 3659 hac
440 3618 472 3659 rc
490 3597 579 3660 Bnns.
601 3601 691 3662 deser.
708 3607 781 3679 3,1,
797 3611 828 3680 p.
838 3605 875 3661 17
894 3600 977 3662 etde
996 3600 1066 3661 aede
1083 3601 1223 3664 Monetae
1241 3609 1322 3684 pas

299 3691 417 3751 Aedes
435 3693 567 3751 Martio
592 3703 679 3754 ante
703 3705 845 3774 portam
863 3696 1043 3774 Capenam
1066 3695 1168 3755 eodem
1187 3698 1258 3773 die,
1284 3717 1322 3758 se

223 3799 297 3843 anuo
316 3785 352 3844 V.
370 3785 404 3847 C.
422 3789 479 3846 367
497 3796 569 3846 teste
586 3788 666 3847 Liuio
685 3791 715 3863 6,
731 3788 750 3846 ts
769 3787 897 3848 dedicata
914 3797 966 3849 est.
1004 3787 1125 3849 Posthac
1143 3808 1162 3848 a
1183 3789 1273 3850 Sulla
1291 3775 1322 3850 ri

223 3875 326 3936 tectam
345 3898 401 3957 quo
424 3890 495 3939 teste
513 3881 649 3960 Neapolis
674 3881 835 3959 tradiderit,
861 3901 907 3942 me
931 3883 1012 3962 fugit.
1051 3882 1145 3942 Locus
1166 3883 1220 3942 ubi
1240 3882 1321 3942 tueri

224 3990 282 4030 nou
301 3981 344 4032 est
361 3975 483 4051 ignotus,
502 3975 526 4034 si
543 3974 626 4034 iidem
645 3986 767 4035 meretur
786 3977 927 4054 inscriptio
945 3977 1021 4056 apud
1040 3977 1199 4038 Gruterum
1221 3997 1256 4056 p.
1268 3979 1321 4036 151

225 4067 256 4142 7,
275 4079 388 4145 reperta
399 4065 524 4126 Nardino
543 4077 614 4126 teste
628 4074 658 4142 1,
671 4087 702 4146 p.
713 4071 769 4128 144
789 4088 823 4128 eo
841 4071 871 4130 in
889 4070 961 4148 loco¹
980 4071 1028 4130 ubi
1041 4069 1176 4130 Sachare
1189 4075 1222 4146 1,
1237 4089 1270 4149 p.
1281 4065 1321 4143 3i

163 4154 166 4162 ’
225 4159 369 4218 miliarium
387 4161 536 4220 unmerol
558 4161 717 4240 insignitum
741 4161 872 4246 effossum
895 4180 957 4223 esre
980 4163 1110 4222 affirmat.
1149 4164 1211 4222 iste
1240 4163 1320 4220 tituli

225 4252 345 4313 melioris
369 4255 433 4314 aeui
456 4254 634 4334 scriptionem
658 4273 727 4317 saue
751 4274 820 4336 prae
838 4273 869 4320 se
892 4253 987 4319 sereno
1005 4257 1072 4318 dicit
1097 4256 1204 4318 ottnom
1224 4259 1320 4318 arom
