2688 4680
536 321 689 378 6666666
725 303 728 318 ’
1007 323 1192 410 *aarum

68 473 194 554 Aprilem
218 465 364 532 translatio
390 473 455 534 6666
479 473 601 552 placeat
638 473 683 534 Da
706 483 790 552 togae
815 471 903 552 puris
926 473 1104 538 sollemnibus
1120 479 1169 560 qui

68 570 243 646 seripserunt
262 566 419 626 indicantur
436 585 460 648 a!
473 567 575 628 Beiero
595 567 630 627 ad
652 567 712 634 Cia.
725 567 804 626 Laei.
819 572 904 639 a.10,
924 572 953 643 5.
963 573 1010 641 33,
1029 591 1058 650 p.
1069 574 1108 632 66
1121 574 1167 648 ed,

68 663 186 722 Teuhn.
226 663 307 720 Hanc
325 661 409 738 igitur
426 661 543 720 alteram
563 661 664 722 ueteris
684 668 816 720 romanae
835 662 973 739 religionis
988 653 1095 740 partem
1108 668 1168 726 exi.

69 757 175 825 stimo.⁸
201 755 322 815 Dubiam
342 773 397 814 non
418 763 471 828 est,
491 754 557 832 quin
575 772 613 812 ex
631 763 751 832 utraque
770 773 887 832 graecae
907 754 1061 834 theologiae
1080 759 1168 818 6666-
1189 784 1192 794 =

68 849 130 908 ficio
150 850 294 908 luculenta
312 847 416 910 Bacchi
434 866 515 906 sacra
535 857 602 913 nata
619 835 747 923 senseat,
766 849 816 906 nisi
834 867 871 908 ex
888 849 921 908 S.
937 849 972 908 C.
991 868 1065 910 anno
1082 853 1119 912 V.
1133 853 1167 917 C.

68 946 133 1014 666,
149 963 214 1002 cum
229 943 375 1019 gliscerent
391 942 524 1011 licentius,
545 960 672 1019 repressa
685 941 813 1002 1666661.
842 944 1010 1020 Hincigitur
1023 955 1074 1017 est,
1091 946 1166 1024 quod
1200 967 1202 978 ·
1283 943 1288 958 ’

68 1055 159 1096 rerum
181 1037 304 1098 omnium
325 1034 401 1113 apud
421 1036 548 1096 Graecos
566 1035 739 1094 sollemnium
759 1037 890 1106 nonnisi
914 1038 1011 1096 umbra
1028 1041 1167 1118 quaedam

69 1140 291 1209 usurpataest,
318 1139 349 1187 ut
374 1147 460 1208 snpra
484 1129 540 1190 diui
565 1147 595 1206 p.
614 1147 770 1190 6666666666
800 1131 988 1208 probacchio
1011 1131 1167 1192 furentibus

70 1243 137 1283 auus
156 1226 305 1297 innocuae,
326 1239 379 1300 pro
398 1222 480 1298 orgiis
498 1223 610 1282 secretis
630 1221 779 1282 discubitus
797 1223 935 1302 publicus,
954 1243 1006 1302 pro
1028 1225 1092 1284 uino
1111 1225 1166 1284 liba

69 1319 181 1376 medita.
262 1355 265 1360 -
552 1370 556 1384 ,
1148 1337 1152 1342 ·

143 1409 336 1468 Tellurem
354 1427 409 1466 non
429 1410 488 1469 sine
506 1409 694 1469 causaverro
710 1411 850 1473 coniunxit
865 1429 927 1480 eum
941 1409 1007 1490 Ope
1020 1421 1050 1471 et
1063 1412 1166 1490 Magna

68 1516 171 1577 matre,
192 1502 229 1564 ir.
243 1507 292 1578 16,
312 1507 386 1582 qua'e
404 1502 482 1584 apud
499 1504 680 1582 augustinum
697 1503 766 1564 fr.2
785 1524 840 1564 uon
859 1515 1072 1566 enumerantura
1097 1509 1166 1568 leni·

69 1599 118 1655 bus
136 1599 212 1659 enim
231 1613 295 1656 sese
318 1598 459 1670 attingunt
478 1595 686 1664 discriminibus.
729 1597 874 1672 1166666,
897 1598 1090 1672 Tellumorsesn,
1109 1601 1166 1662 Ai-

69 1699 160 1762 toms,
182 1695 358 1766 Rusotoma
377 1690 509 1758 Varrone
526 1691 680 1751 nominatos
699 1709 734 1753 ex
753 1691 964 1769 indigitamentis
978 1693 1101 1770 proferri
1119 1696 1166 1754 io·-

69 1785 171 1844 tellexit
191 1784 389 1848 Ambrosclrius
408 1786 487 1862 [663
506 1799 585 1855 ann,
604 1800 660 1840 uon
680 1794 771 1844 tamen
790 1787 856 1854 satis
875 1787 1037 1846 obseruosse
1055 1788 1166 1848 uidetur

67 1897 99 1938 ex
122 1878 175 1938 illis
202 1877 470 1954 indigitamentorum
496 1875 684 1937 iterationibus
708 1891 774 1938 nata
790 1879 902 1938 demum
925 1882 1038 1938 numius
1061 1882 1165 1943 maiora

66 1981 94 2030 et
111 1973 230 2044 relecta,
251 1989 307 2029 aon
327 1973 439 2030 subesse
460 1971 503 2028 iis.
542 1969 627 2028 Velut
642 1971 740 2030 Tellus
759 1973 833 2032 culta
853 1983 895 2032 est
913 1975 989 2032 seriis
1008 1975 1165 2034 sementinis

66 2085 128 2124 eum
144 2066 262 2138 Cerere,
282 2063 339 2124 06.
353 2072 381 2139 l,
395 2068 463 2140 671,
483 2074 513 2124 et
532 2063 701 2146 Fordicidiis
712 2068 806 2143 paneis
825 2067 922 2125 diebus
942 2076 1006 2144 post
1020 2067 1164 2143 Cererem,

67 2159 174 2228 4,666.
214 2159 437 2235 Quaeri-possit,
458 2177 525 2216 num
542 2158 694 2218 secundum
716 2160 936 2234 indigitamenta,
956 2161 984 2216 in
1003 2159 1104 2236 quibus
1122 2169 1164 2222 tot

65 2251 108 2310 dei
129 2252 273 2330 agricolae
292 2253 385 2310 traditi
403 2241 563 2326 snnt,uide
581 2269 666 2367 suqra
685 2271 714 2328 p.
725 2267 902 2323 cmxxxvn,
920 2250 956 2308 66
970 2253 1164 2328 agriculturam

65 2363 153 2423 aeque
172 2346 349 2424 pertinuerit,
369 2354 455 2422 atque
473 2343 510 2402 66
529 2343 598 2425 deoq
616 2345 730 2413 roseros,
749 2352 833 2420 prout
852 2344 953 2420 legitur
970 2347 997 2404 in
1015 2346 1163 2410 Deciorum

64 2439 215 2498 deuotione
233 2439 298 2496 Liu.
313 2443 341 2508 8,
352 2441 388 2512 93
409 2443 455 2507 10,
468 2439 516 2495 29.
555 2439 586 2496 81
606 2438 722 2494 mutauit
741 2435 861 2494 officium
880 2437 935 2495 dea
952 2437 1066 2511 Sabina,
1086 2460 1163 2502 com·

63 2534 183 2590 mutauit
203 2551 265 2590 cum
279 2531 346 2610 Ope
361 2532 474 2590 numine
487 2531 650 2590 Latinorum
671 2548 759 2607 aeque
779 2538 899 2610 uetusto,
919 2533 1022 2611 quippe
1040 2535 1068 2592 in
1087 2521 1163 2612 regia

62 2644 124 2686 cum
144 2627 198 2699 iis,
217 2644 287 2702 quos
307 2625 502 2686 Ambrosclsius
521 2625 668 2698 iudicauit,
688 2623 747 2682 deis
765 2624 849 2682 culto.
887 2624 978 2683 Varro
997 2626 1033 2686 66
1053 2628 1071 2687 l.
1092 2628 1111 2687 l.
1131 2633 1162 2704 6,

61 2725 168 2794 21,,6ο
189 2720 217 2776 iu
236 2720 299 2777 loco
320 2717 412 2796 Opem
433 2719 590 2779 Consiuiam
611 2718 711 2776 dietam
732 2717 825 2796 prodit
850 2727 879 2784 et
903 2718 976 2786 idem
1000 2721 1059 2778 sine
1078 2721 1162 2780 dubio

60 2815 127 2872 olim
146 2814 252 2870 Festus
270 2833 300 2892 p.
317 2815 436 2882 249,17
455 2813 530 2873 dent.
575 2813 620 2872 De
640 2811 705 2889 Ope
725 2813 801 2869 'latii
826 2813 899 2888 regis
925 2813 1000 2889 apud
1024 2814 1105 2873 Varr.
1126 2814 1162 2882 de

59 2908 114 2967 il.
131 2909 163 2980 5,
178 2910 219 2974 74
240 2908 316 2964 narie
335 2906 449 2964 iudicari
468 2917 569 2982 potest.
604 2905 666 2984 Ops
681 2905 810 2964 Consiuia
830 2906 947 2982 primum
967 2906 1041 2964 culta
1061 2918 1103 2965 est
1117 2925 1162 2974 ses

58 3003 182 3078 paratim
203 3000 267 3059 Vlli
279 2999 328 3056 Kl‘
342 2999 425 3078 Sept.
462 3001 571 3060 Deinde
588 3019 639 3059 cur
658 3019 720 3062 cum
739 2999 862 3056 Saturno
881 2998 1027 3057 coniuncta
1045 3001 1091 3072 sit,
1110 3000 1162 3058 do·

59 3107 104 3154 rat
123 3095 229 3156 Festus
249 3114 279 3172 p.
295 3096 361 3168 166,
374 3095 423 3168 26,
448 3094 550 3157 seilicet
574 3103 692 3174 propter
716 3092 798 3150 officii
826 3094 1060 3170 communionem
1085 3101 1163 3170 post·
1192 3126 1196 3130 -

58 3208 146 3266 qnam
164 3189 244 3248 feriis
263 3186 432 3260 (61666666.
447 3195 476 3262 l,
489 3191 540 3260 10)
559 3199 588 3249 et
607 3188 711 3264 templo
731 3185 806 3260 (Liu.
821 3187 870 3258 39,
884 3190 922 3242 22
937 3183 1162 3244 6116666666-

56 3293 116 3343 stus
137 3302 170 3361 p.
184 3284 254 3355 189,
266 3284 306 3336 20
318 3282 388 3356 sin.;
407 3282 439 3340 P.
454 3283 595 3340 Victorem
607 3283 728 3358 ‚insuper
746 3279 851 3350 habeo)
869 3279 1016 3346 coniuncta
1034 3289 1094 3354 est,
1118 3275 1162 3338 iu'·

55 3375 240 3436 temeniente
263 3373 359 3432 fabula
379 3393 480 3454 graeca
499 3375 629 3452 deposuit
647 3373 713 3432 illud
734 3371 896 3430 conserendi
915 3372 1034 3432 officium
1053 3373 1162 3432 habita·
1262 3391 1264 3398 ’

54 3487 114 3547 qne
133 3479 182 3528 est
199 3485 253 3546 pro
266 3469 370 3543 Terra,
389 3467 623 3547 quemadmodum
637 3457 707 3524 ‘Pto
723 3467 895 3524 Graecorum
914 3485 932 3525 a
950 3467 1060 3544 tragicis
1079 3469 1162 3529 etiam

55 3561 269 3630 uetustioribus,
290 3561 346 3618 uid.
361 3562 493 3620 Clausen.
509 3580 538 3639 p.
550 3564 580 3635 9,
599 3579 664 3619 ann.
679 3563 725 3618 17.
766 3559 994 3642 Vetustamsatts
1010 3579 1070 3619 esse
1090 3560 1162 3620 nane
1205 3579 1208 3588 ⁴
1331 3521 1332 3578 l

54 3651 130 3732 Opia
151 3655 410 3732 interpretationem
430 3654 592 3716 a-Varrone
611 3654 647 3712 de
666 3655 685 3713 l.
696 3655 715 3714 l.
725 3655 755 3728 6,
767 3655 805 3714 67
825 3654 953 3714 traditam
972 3656 1074 3714 dooeut
1093 3655 1160 3712 ritus

54 3757 185 3822 ueteres,
205 3747 332 3814 Maerob.
347 3759 400 3810 sat.
416 3753 445 3823 1,
458 3754 509 3808 106
529 3751 603 3808 linio
622 3747 688 3808 douo
705 3747 826 3806 66666166
843 3756 911 3809 uoto
929 3750 1085 3826 coaoipinat
1103 3756 1162 3808 tot·

53 3857 178 3918 reasqrse
195 3840 235 3900 do
246 3839 387 3900 amasso
405 3849 523 3918 1669661
546 3842 620 3914 (cir.
639 3842 675 3901 66
694 3843 809 3903 Tellure
827 3843 948 3904 eundem
965 3830 1003 3902 ib.
1023 3847 1053 3916 3,
1069 3844 1107 3918 9)
1132 3847 1161 3901 61

54 3935 137 4012 apud
151 3935 322 4007 Varronem,
341 3933 406 3991 uide
424 3953 510 4013 supra
528 3955 558 4015 p.
571 3953 732 3998 ccxxxvi.
772 3937 843 3994 Hinc
861 3935 962 3996 deiude
980 3935 1041 3996 lieri
1058 3935 1161 4016 potuit,

54 4039 88 4086 nt
103 4027 228 4088 Ouidius
242 4031 273 4101 6,
282 4029 341 4084 279
359 4045 393 4084 ex
412 4027 477 4106 Ope
496 4028 640 4104 lunonem,
661 4029 805 4104 Cererem,
825 4027 942 4088 Vestam
961 4040 1040 4090 natas
1058 4030 1161 4089 scribe·

54 4131 111 4190 ret.
156 4121 242 4186 Vides
264 4119 307 4178 his
328 4121 556 4180 uicissitudiaibus
574 4141 773 4201 usquequaque
792 4131 929 4182 uersatam
947 4125 1067 4203 priscam
1086 4123 1161 4180 Ter·

56 4231 108 4274 rae
135 4212 299 4290 6611616666]
319 4213 384 4272 nihil
412 4216 477 4272 noui
496 4225 545 4274 aut
564 4216 667 4293 egregii
685 4216 848 4294 prodidisse.
888 4207 964 4286 Quid
982 4231 1055 4278 esset
1074 4217 1160 4280 uene·
