2642 4674
166 264 289 372 ccscrr
480 272 961 361 consummationum.
1030 279 1033 296 '

243 469 292 526 00.
330 462 380 524 00.
409 461 473 522 Hoc
496 475 612 524 numero
634 463 772 544 impertiui
798 463 947 542 scripturas
965 479 1002 523 ex
1026 461 1266 540 glossematis

168 558 269 620 codicis
287 555 529 618 Londinensir
547 556 617 616 lunii
635 575 759 626 seorsum
778 559 903 619 enotatas
922 557 958 615 ab
971 555 1095 615 Heinsio.
1124 557 1219 634 Atque
1238 557 1267 616 bi

167 662 233 712 suut
251 653 322 727 libri,
341 669 460 729 quorum
477 667 678 728 saepenumero
697 669 758 709 non
772 649 893 708 indicato
912 649 1023 709 nomine
1040 650 1198 727 scripturae
1215 669 1268 728 po-

171 755 284 806 nuntur.
322 744 368 804 Ex
387 744 537 804 innumeris
561 745 628 803 locis
654 743 736 802 didici
761 743 943 822 quadraginta
960 742 1021 802 iere
1038 742 1161 819 integros
1181 741 1268 802 fuisse

167 839 295 913 collatos,
315 855 333 896 a
352 853 408 914 quo
425 855 540 896 numero
555 835 727 896 subducendi
745 837 766 894 ii
785 823 885 911 erant,
896 853 1014 914 quorum
1028 836 1138 893 nornine
1151 836 1269 896 aliunde

169 934 280 1010 cognita
299 931 447 990 habebam.
480 929 538 989 Res
557 929 611 988 fuit
629 929 767 988 interdum
785 929 962 988 difficillimae
980 929 1207 1005 ratiocinationis,
1226 930 1269 988 in·

149 1025 279 1086 *tardum
299 1025 411 1103 prorsus
431 1024 569 1104 incertae:
589 1026 714 1101 praestiti
731 1024 834 1087 scilicet
852 1021 928 1101 quod
946 1022 1035 1100 potui.
1198 1095 1199 1104 ἵ

245 1122 296 1177 81.
330 1117 446 1176 lacobus
459 1117 658 1177 Gronouius
677 1115 819 1196 aliquoties
833 1115 933 1180 codicis
949 1115 1012 1173 rusti
1031 1116 1183 1194 scripturas
1201 1135 1269 1198 per·

168 1213 277 1291 scripsit
294 1211 323 1269 in
339 1211 488 1290 exemplari
507 1211 629 1290 quodam
649 1210 774 1284 editionis
787 1211 967 1286 'Heiusiauae,
986 1228 1067 1287 quem
1082 1229 1134 1268 suo
1154 1213 1269 1270 nomine

168 1323 185 1365 a
206 1303 318 1384 pellani.
492 1309 494 1314 '
555 1375 557 1390 .
795 1373 796 1378 γ

185 1325 205 1386 P
244 1401 292 1456 82.
330 1396 429 1458 Editus
450 1408 559 1458 ueteres
579 1399 682 1457 contuli
700 1399 914 1458 Rubeanam
934 1396 1070 1456 Venetam
1090 1398 1182 1472 1⁴75,
1200 1398 1269 1457 Za·

168 1489 261 1550 iotti
278 1489 513 1568 Mediolanensem
535 1493 620 1567 1477,
642 1493 865 1552 Visentinam
885 1493 972 1567 1480,
990 1489 1161 1550 Venetam
1183 1494 1268 1562 1484,

170 1582 338 1644 Aldiuam
359 1585 453 1659 1502,
480 1583 774 1646 Mediolanensem
797 1605 860 1644 cum
885 1586 1084 1645 commentariis
1104 1587 1172 1645 Aut.
1192 1586 1269 1644 Con·

168 1678 282 1736 stantini
300 1687 329 1737 et
347 1676 427 1738 Pauli
443 1679 528 1738 Marsi
548 1679 633 1755 1010,
652 1679 810 1738 Aldinam
832 1668 916 1738 1010.
954 1678 1019 1736 Non
1039 1677 1158 1735 multum
1178 1679 1289 1737 bonae

171 1771 259 1849 frugis
277 1773 382 1846 inueni,
401 1773 670 1850 itaque·summatim
688 1773 736 1831 ubi
749 1775 844 1851 plures
858 1773 1032 1831 consentiunt
1044 1767 1105 1829 add.
1119 1777 1193 1848 noa,
1208 1771 1269 1830 lau·

169 1864 246 1942 dani,
265 1866 388 1925 necubi
406 1861 490 1942 paulo
510 1866 638 1942 grauiora
657 1864 824 1925 enucleatius
842 1867 935 1945 posui.

229 1961 301 2044 'llic
319 1977 419 2020 censeo
438 1959 616 2018 subsistamus
636 1969 665 2019 et
684 1977 701 2018 a
719 1961 830 2019 minutis
849 1961 939 2034 curis,
964 1959 1000 2018 ab
1018 1958 1154 2038 improbis
1172 1956 1270 2018 iudici·

170 2055 222 2114 bus
244 2063 281 2112 etv
292 2053 527 2132 compilatoribus,
546 2071 665 2130 quorum
678 2054 803 2132 proxime
816 2061 882 2112 aute
894 2062 923 2113 et
935 2063 1010 2112 retro
1023 2053 1106 2112 turba
1124 2069 1159 2111 se
1176 2062 1283 2112 osten.

170 2149 226 2222 dil,
251 2157 398 2208 euocatum
419 2149 540 2208 animum
559 2147 695 2224 erigamus
714 2166 770 2206 non
790 2146 826 2205 ad
845 2145 1016 2206 Batauorum
1034 2146 1192 2224 priscorum
1211 2163 1271 2206 me·

170 2244 298 2318 moriam,
317 2242 392 2322 inter
411 2258 482 2319 quos
502 2240 600 2300 uixisse
619 2241 750 2314 dicimur,
771 2259 826 2298 nou
845 2239 881 2298 ad
899 2241 1107 2319 posteritatem,
1127 2238 1270 2317 adquam

141 2337 143 2343 '
170 2336 255 2394 ualde
274 2325 429 2414 optandum
449 2336 491 2392 eat
510 2351 546 2392 ue
565 2335 712 2412 quicquam
731 2333 815 2392 nostri
833 2333 1020 2410 insuperatum
1039 2333 1160 2391 transire
1176 2333 1272 2390 sineru

170 2429 282 2506 ingenia
301 2445 374 2506 quae
395 2435 460 2503 post
478 2424 535 2484 Od.
554 2425 720 2487 Muellerum
742 2437 771 2486 et
789 2426 864 2484 llud.
879 2425 1072 2502 Klausenium,
1092 2425 1273 2486 admirabiles

169 2523 262 2596 uiros,
287 2520 464 2597 antiquitates
477 2537 575 2579 ,sacras
594 2521 784 2579 Romanorum
803 2520 955 2594 illustraut3
979 2518 1030 2576 sed
1048 2517 1084 2576 ad
1104 2537 1274 2597 magnorum

170 2615 327 2674 anticorum
347 2612 427 2670 buius
451 2613 515 2672 aeui
534 2615 706 2690 claritatem,
732 2631 849 2692 quorum
875 2615 1007 2671 maximus
1024 2621 1067 2672 est
1086 2613 1275 2673 Godosredus

170 2709 345 2766 Hermannus
369 2704 535 2784 perdecem
554 2722 641 2766 annos
660 2708 744 2766 tacita
762 2708 820 2779 (ita
838 2707 910 2766 euim
928 2704 1027 2764 decere
1045 2707 1204 2784 putabam)
1225 2727 1276 2767 ue·

172 2801 317 2860 uenatione
333 2817 352 2858 a
370 2817 416 2858 me
434 2799 538 2858 cultus:
558 2799 608 2859 sed
621 2800 658 2859 ad
670 2801 820 2860 amicorum
832 2799 1020 2858 suauissimam
1033 2799 1276 2876 coniunctionem,

171 2893 209 2954 ad
229 2911 299 2971 quos
318 2909 381 2950 cum
400 2891 467 2970 quid
486 2893 570 2971 paulo
589 2893 758 2970 probabilius
781 2893 918 2952 inuenisse
941 2892 1008 2950 milri
1026 2890 1144 2952 uidebar
1163 2898 1278 2954 oratio-

171 3007 236 3048 nem
256 2987 331 3068 apud
351 2987 471 3045 animum
491 2987 632 3044 conuerti:
661 2985 813 3046 Theodora
831 2985 934 3063 Bergki
959 2996 989 3044 et
1011 2985 1154 3049 Fridetioe
1173 2989 1278 3068 blansi,

173 3092 266 3144 uestro
285 3081 377 3145 omine
395 3080 441 3142 lric
458 3080 528 3140 liber
546 3078 663 3159 prodeat
681 3092 711 3142 et
730 3079 814 3141 uestri
832 3079 932 3140 similes
951 3089 1092 3158 quaerat.-
