2642 4674
169 295 365 366 ouum-uns
408 273 432 378 J
645 285 781 352 comosa

168 451 234 515 dem
254 451 318 511 libri
341 448 412 510 sexti
430 463 459 510 o.
471 449 530 510 593
549 445 635 524 nihil,
659 445 803 528 utputo,
827 445 933 526 culpari
956 439 1050 527 potest
1072 446 1101 507 in
1123 449 1267 530 seriptum

167 545 287 606 fidorum
317 545 468 620 librorum,
496 553 527 602 ut
552 541 749 602 transeundum
781 543 817 602 sit
847 541 884 600 ed
909 541 1052 617 uulgarem
1077 541 1266 602 Vrsinianam.

167 637 312 698 Postremo
331 636 404 696 idem
423 636 468 695 hio
486 637 556 696 liber
567 636 690 694 testibus
708 633 845 695 Politiano
868 635 898 693 iu
924 633 1034 694 schedis
1054 643 1084 693 et
1103 635 1216 696 Heinsio
1234 639 1265 695 in

168 731 348 792 annotatione
372 731 506 818 impressa
525 731 637 807 elegans
662 729 770 788 initium
793 730 854 806 libri
879 727 989 805 septimi
1014 726 1147 786 fastorum
1167 725 1265 791 tradit.

168 825 233 896 Qui
244 844 306 884 oum
326 843 360 884 eo
378 825 536 903 saepissime
554 827 744 898 consentiunt,
763 818 983 882 Zuliohemiauus
1002 828 1031 878 et
1048 820 1266 897 biszsriuianos,

167 937 224 978 non
246 919 312 976 satis
331 928 422 978 sertus
440 937 519 994 sum,
538 929 630 977 utrum
650 929 714 996 post
732 917 971 995 interpolationem
989 913 1063 971 illam
1083 915 1266 992 longobardi-

168 1029 229 1072 cam
247 1010 341 1070 denuo
359 1013 414 1071 sint
429 1014 601 1090 interpolati,
620 1031 656 1071 au
672 1031 735 1071 eum
753 1011 812 1086 illo,
833 1009 911 1066 euius
931 1007 1030 1067 omissa
1048 1007 1085 1065 sit
1102 1008 1266 1082 auctoritas,

168 1107 335 1184 conspirent.
368 1105 524 1184 Vtrumque
542 1108 614 1166 euim
628 1107 688 1165 lieri
707 1105 809 1186 putuit.
836 1101 900 1163 Lib.
915 1105 1013 1176 2,110
1033 1099 1173 1162 monus
1192 1099 1266 1172 olor,

166 1198 206 1258 ib.
226 1202 284 1258 274
306 1197 420 1272 vallans,
446 1200 485 1258 ib.
504 1201 562 1258 499
581 1198 664 1258 subm
682 1217 816 1277 mopsus,
841 1196 879 1256 ib.
899 1194 957 1253 725
975 1193 1042 1254 dum
1058 1212 1111 1254 nos
1128 1189 1265 1266 difficilis,

168 1293 199 1368 4,
212 1293 249 1350 83
273 1295 346 1368 Erpa
364 1309 413 1368 apo
431 1297 492 1350 mus
511 1291 589 1369 inops
607 1295 749 1372 multaque
762 1292 815 1349 alia
829 1299 950 1366 utroque
968 1288 997 1346 in
1015 1289 1087 1347 libro
1101 1287 1184 1364 plane
1198 1295 1266 1345 sunt

166 1387 318 1464 oomimilia
335 1385 520 1462 superioribus
539 1386 590 1444 illis
605 1383 745 1444 Vrsiniaui
762 1394 792 1442 et
810 1380 962 1441 eorundem
974 1382 1115 1460 scripturis
1127 1383 1265 1453 Bruttios,

170 1481 324 1553 libantur,
349 1495 403 1555 ‹ptn
421 1481 553 1540 mauris.
590 1478 794 1538 Mazariniaous
814 1486 906 1535 brnen
932 1474 1187 1545 aZuliobemiano,
1215 1475 1267 1552 qni

167 1579 197 1634 et
214 1573 274 1651 ipse
300 1563 400 1630 ibidem
419 1573 602 1650 interpolatus
620 1581 677 1645 est,
702 1571 817 1630 desciuit
834 1567 872 1627 ad
891 1567 1067 1626 Arundellani
1086 1577 1115 1626 et
1134 1567 1265 1626 Vossiaui

166 1674 271 1724 sectam
297 1670 325 1740 1,
337 1666 396 1724 474
422 1663 508 1724 dulim
531 1683 600 1724 storo
624 1668 752 1726 nomino
773 1663 870 1744 pleno,
896 1667 927 1738 2,
940 1664 1011 1736 47οε
1035 1677 1088 1739 pru
1113 1679 1164 1738 qtso
1189 1677 1268 1720 nuno

66 1831 71 1848 .
167 1759 296 1836 dipuous,
320 1758 357 1816 ad
377 1755 444 1818 alius
465 1764 495 1834 l,
511 1760 568 1819 595
584 1759 667 1849 palidi
686 1759 790 1832 ipsud,
814 1766 842 1815 et
861 1751 1004 1834 aliquoties
1024 1756 1140 1830 3,686;
1158 1753 1189 1828 5,
1204 1755 1267 1812 399

166 1853 203 1911 ad
223 1851 339 1910 alteram
358 1850 506 1911 lectionem
524 1851 666 1929 Italicam,
694 1852 730 1913 de
748 1869 804 1931 qun
823 1848 897 1908 inira
915 1847 1040 1924 dicetur,
1061 1846 1138 1925 quod
1155 1847 1185 1904 in
1205 1855 1266 1905 tam

166 1946 269 2006 retenti
289 1945 358 2003 libro
377 1962 433 2004 uon
452 1953 495 2003 est
513 1943 714 2004 admirandum.
748 1943 858 2005 Verum
879 1951 1048 2005 ueteratores
1065 1939 1268 2000 illusVrsinia·

167 2055 234 2118 num
253 2048 282 2098 et
299 2038 536 2097 Zuliclremianum
554 2041 672 2098 maxima
690 2057 754 2097 euru
772 2038 902 2097 cautione
920 2035 1004 2094 fuisse
1023 2033 1197 2113 usurpandos
1216 2051 1266 2092 sa·

165 2133 201 2208 tis
219 2151 282 2192 reor
292 2151 337 2192 me
350 2132 514 2209 ostendisse,
527 2150 700 2213 ¹quamquam
713 2131 911 2211 spoponderim
930 2137 1041 2208 praeter
1059 2128 1136 2186 luoos
1153 2147 1265 2186 memo·

165 2228 234 2287 riter
256 2243 273 2286 a
297 2245 343 2286 me
368 2228 491 2305 prolatos
518 2227 620 2286 alteros
646 2225 761 2285 totidem
785 2229 929 2284 inuentum
955 2224 988 2282 iri
1008 2222 1041 2290 ,in
1066 2223 1263 2281 annotationes

165 2319 233 2380 utile
254 2321 351 2396 putaui
374 2320 547 2380 ualidioribus
570 2321 668 2379 barum
693 2329 785 2379 r'erum
809 2318 1029 2378 aestimatoribus
1056 2314 1156 2394 aliquid
1178 2314 1263 2392 quod

165 2421 279 2492 agerent
298 2413 424 2491 relinqui.
461 2413 520 2473 Sed
545 2413 657 2474 eosdem
680 2414 765 2472 libros
784 2407 877 2472 nonne
899 2420 1010 2472 secutus
1030 2429 1108 2484 sum,
1135 2407 1264 2464 Vrsinia-

165 2525 232 2572 num
251 2508 282 2579 4,
296 2507 371 2581 295,
400 2505 637 2565 Zulicbemianum
656 2512 686 2583 2,
700 2509 773 2582 7393
792 2508 872 2583 5,77
899 2515 928 2564 et
952 2505 1085 2564 similibus
1109 2511 1265 2581 utrumque

165 2598 230 2659 alibi
246 2599 274 2674 iu
293 2597 515 2660 discriminibus?
540 2599 657 2676 Fateor,
677 2608 706 2658 et
724 2601 815 2680 ipsum
831 2596 902 2658 adso
920 2589 1136 2658 Mazariniauum
1154 2601 1186 2672 2,
1200 2597 1266 2653 229

165 2712 200 2754 ao
215 2691 300 2750 semel
320 2692 397 2752 bisne
414 2701 571 2770 praeterea.
609 2693 659 2769 Et,
677 2693 780 2769 fateor,
798 2693 876 2752 nimis
894 2691 1017 2751 fortassis
1035 2689 1200 2768 suspiciosus
1216 2688 1263 2750 ini

161 2787 194 2848 ln
212 2784 364 2846 eorundem
382 2785 523 2864 seripturis
541 2792 572 2861 2,
586 2786 644 2846 592
663 2794 773 2848 umbos
789 2789 898 2865 mimo,
925 2803 998 2864 quaa
1022 2783 1139 2844 tortasse
1155 2783 1211 2842 fnit
1228 2785 1264 2843 in

164 2879 319 2956 llt'eldeusi,
345 2883 373 2950 3,
385 2881 445 2937 294
462 2878 568 2950 sardii,
592 2879 623 2956 5,
639 2874 749 2940 251151
766 2887 808 2940 est
827 2879 879 2939 dan
897 2896 980 2940 senso
996 2884 1142 2959 mattas,
1167 2880 1199 2952 6,
1217 2880 1263 2936 66

162 2975 246 3052 amno
263 2973 379 3052 doloris,
399 2974 498 3048 6,142
517 2975 632 3034 Naeuio
647 2979 763 3035 Morsu.
802 2973 923 3051 Seilioet,
943 2983 974 3032 ut
993 2989 1077 3052 supra
1094 2971 1162 3046 dixi,
1180 2970 1264 3030 ntrlla

163 3077 208 3129 est
221 3067 367 3144 dubitatio,
386 3067 453 3146 quin
466 3065 625 3126 Vrsiuianus
643 3069 679 3127 sit
690 3076 866 3148 peruetustus
879 3077 908 3126 et
921 3067 987 3146 quin
1007 3084 1101 3126 omues
1121 3083 1155 3124 ex
1175 3083 1264 3143 egre-

60 3220 63 3230 ,
162 3163 209 3241 gia
228 3162 334 3241 origine
352 3163 408 3221 sint
426 3161 580 3241 repetendi.
610 3161 760 3239 Conspirat
778 3162 826 3223 ille
841 3181 897 3221 non
913 3162 997 3220 semel
1012 3179 1075 3219 cum
1087 3159 1262 3235 Petaoiano,

162 3256 240 3315 uelut
257 3257 287 3316 in
305 3252 441 3316 eliciendo
459 3256 555 3334 inepto
574 3253 691 3314 disticho
705 3256 780 3334 quod
796 3255 872 3334 apud
884 3257 1072 3314 Burmannum
1090 3263 1134 3312 est
1147 3259 1178 3325 2,
1187 3257 1262 3324 ²03,

41 3377 42 3384 ι
161 3352 236 3408 2042
261 3350 437 3409 consentiunt
462 3367 558 3407 omues
582 3368 645 3407 cum
670 3349 812 3422 llfeldensi
830 3367 1044 3429 saepenumero.
1082 3347 1135 3406 Est
1151 3345 1262 3406 deinde

161 3441 408 3528 exploratissimum
427 3439 556 3517 codices,
581 3460 652 3521 quos
670 3443 788 3502 maxime
805 3444 908 3518 amani,
927 3443 1110 3502 Patauisnum
1131 3439 1259 3500 511141-

160 3533 370 3594 lersdorfianum
396 3542 426 3594 et
455 3535 616 3594 fidissimum
648 3554 786 3617 quemque
815 3535 974 3614 saepissime
1006 3553 1066 3596 esse
1095 3532 1259 3618 mendosos.

46 3626 51 3636 ’
160 3629 257 3702 Graue
275 3638 318 3688 est
343 3628 549 3706 exemplumd,
569 3631 643 3704 178,
669 3647 752 3707 quem
773 3644 886 3689 uersum
904 3630 953 3710 qui
976 3629 1113 3708 integrum
1132 3628 1259 3707 putabit,

43 3761 48 3768 -
158 3721 275 3797 suadeo,
294 3722 471 3806 uestitisarp
487 3719 615 3780 affectet:
635 3723 793 3782 coniectura
813 3732 909 3794 nostra
930 3741 965 3782 ax
985 3714 1120 3782 nersienlo
1134 3721 1258 3778 Mortis-

158 3815 191 3879 lis
211 3825 240 3876 et
259 3815 342 3874 Plinii
359 3815 421 3875 loon
440 3815 559 3872 conflata
578 3812 712 3875 s'onoedet
726 3818 914 3878 lubentissime
925 3817 1043 3891 meliori,
1061 3815 1172 3874 interim
1192 3831 1259 3873 sese

157 3910 289 3971 tuebitur.
327 3909 403 3986 Ergo
424 3927 486 3992 eum
505 3909 624 3987 primurn
643 3911 805 3970 Vrsinisnus
829 3911 938 3988 integer
955 3909 1071 3970 nullatus
1092 3907 1197 3983 fuerit,
1215 3906 1260 3967 de

145 4005 299 4084 seripturis
317 4003 451 4084 plurimis,
471 4021 588 4080 quorum
606 4004 695 4063 miuus
713 4013 841 4083 suspecta
860 4005 930 4064 fides
948 4003 1011 4078 erit,
1030 4003 1127 4080 ingens
1145 4001 1259 4059 oriem

155 4095 328 4177 disceptatio.
366 4095 474 4159 Verum
487 4095 548 4174 ,noc
566 4106 631 4172 est,
651 4115 701 4155 our
719 4115 810 4176 aequo
829 4099 921 4158 auimo
939 4097 1076 4156 seruerim
1093 4093 1148 4154 boe
1167 4092 1254 4154 libro.

155 4187 287 4253 Nondum
303 4191 345 4268 ita
363 4191 524 4256 confirmata
542 4201 585 4252 est
603 4191 631 4251 iu
650 4187 802 4254 Germania
821 4193 893 4254 ratio
909 4190 1004 4252 sanior
1022 4190 1130 4267 critica,
1149 4197 1181 4256 ut
1198 4205 1256 4250 ae·
