2688 4680
188 277 315 330 clevill
364 281 369 286 “
635 269 702 328 ”DE
723 277 797 328 lim

188 431 274 500 Paos.
285 452 312 496 e.
323 429 372 503 44,
385 429 421 492 br
438 426 476 490 de
487 428 565 490 Pana
574 403 730 508 Lycaeo'et
742 429 876 511 Neptuno
891 439 921 490 et
932 430 1105 494 Tubilcutrio
1123 451 1180 494 non
1197 454 1288 514 quae·

189 548 260 590 ram.
294 528 355 586 'lam
374 524 422 604 qui
440 525 479 583 ita
497 534 746 602 argumentaretur,
765 524 928 584 Euandrum
941 521 1080 586 Pallantia
1097 527 1127 586 in
1145 527 1288 588 Palatium

56 684 59 694 ,
142 603 144 610 ’
189 624 307 693 neniae,
325 620 391 698 qnia
407 617 446 676 ibi
464 635 576 696 quoque
589 616 698 677 Cereris
716 635 767 678 ara
785 627 851 677 ante
868 619 966 678 aedem
982 619 1189 680 Postumianum
1210 622 1289 696 (eam

190 716 264 774 enim
282 711 585 790 intelligendam'puto,
604 729 660 770 non
680 710 827 782 diuersam,
844 720 875 770 nt
890 712 1032 773 Nardinns
1051 713 1128 787 uult>
1147 723 1178 772 et
1197 716 1290 774 sacel-
1317 711 1320 716 '

152 797 155 820 ¹
189 807 247 867 lum
260 807 400 868 Victoriae
419 804 516 883 (quam
530 803 625 862 Vioam
638 804 738 864 Potam
756 803 824 864 facit
841 805 1035 866 Ambroschius
1052 826 1083 886 p.
1096 812 1149 866 121
1171 809 1292 872 mirifica

189 902 364 962 conclusione
387 908 417 958 et
441 907 538 956 contm
555 895 678 974 Dionysii
700 917 731 978 p.
748 899 786 957 85
805 899 826 958 l.
845 905 879 956 11
899 899 995 960 Reisk.
1014 909 1043 959 et
1058 901 1178 959 'Aruobii
1199 906 1228 972 3,
1248 903 1291 962 25

189 993 357 1066 testimonia)
378 992 481 1067 fuerit,
509 1008 573 1051 enm
592 991 679 1071 liquet
696 1009 810 1070 operam
830 990 956 1068 dedisse,
985 1003 1016 1051 ut
1033 1011 1093 1052 rem
1111 993 1227 1052 aliunde
1245 995 1293 1052 in-

191 1089 328 1166 cognitam
348 1092 494 1144 astrueret.
522 1085 633 1163 Insigne
646 1095 689 1144 est
705 1084 813 1161 Polybii
831 1085 1016 1145 testimonium
1039 1089 1064 1146 c'.
1075 1091 1125 1162 32,
1143 1089 1192 1165 qui
1211 1089 1293 1148 dare

190 1189 276 1259 negat
295 1179 415 1238 Pallanti
433 1177 623 1238 &manorum
642 1197 700 1238 rem
718 1177 807 1237 fuisse
823 1195 885 1236 cum
904 1178 1061 1238 Pallantius
1084 1197 1224 1259 quemque
1244 1191 1292 1240 ta-

190 1273 306 1330 menetsi
318 1271 418 1330 Palatii
435 1271 510 1329 illam
530 1271 737 1348 originationem
756 1271 873 1343 inuenit,
891 1271 1052 1330 Euandrum
1066 1271 1204 1331 Pallantia
1220 1290 1293 1351 pro·

189 1362 294 1425 lectum
312 1363 451 1424 induxisse
469 1381 526 1424 non
545 1377 588 1423 est
605 1365 760 1444 probabile.
794 1363 925 1442 Namque
941 1365 1048 1423 nonnisi
1067 1365 1185 1424 nominis
1203 1385 1293 1426 musa

191 1474 226 1518 ee
244 1455 340 1518 fabola
364 1457 518 1534 excogitata
541 1465 600 1515 esta
629 1467 658 1516 et
683 1458 858 1535 excogitata,
883 1457 924 1515 uti
948 1458 1009 1535 ipae
1026 1457 1174 1535 Dionysiae
1191 1479 1221 1538 p.
1235 1464 1292 1535 80,

112 1597 117 1609 ,
190 1549 213 1610 l.
225 1551 261 1610 15
274 1559 402 1627 testatur,
422 1549 602 1610 aliomanisr
621 1561 697 1611 certe
716 1552 788 1610 enirn
804 1553 892 1610 uerba
912 1539 954 1620 ὥς
972 1541 1061 1611 edroi
1075 1541 1218 1626 Ῥωμαῖοι
1239 1546 1292 1610 λέ-

190 1661 297 1723 ynuorv
316 1644 484 1724 respondent
501 1645 555 1702 illis
573 1663 599 1705 c.
613 1650 667 1706 32ι
681 1635 738 1714 Ὡς
759 1638 796 1704 δι’
812 1662 890 1714 τινες
909 1636 1075 1721 ἶςοροῦσιν.
1103 1644 1189 1714 Quod
1202 1645 1295 1704 Clau-

190 1739 283 1796 eenius
308 1757 338 1817 p.
359 1740 435 1796 1234
459 1737 581 1816 scripsit:
608 1739 681 1798 Nube
705 1737 799 1813 fiii-rte
822 1741 853 1797 irs
875 1737 1039 1820 Pudentiou
1061 1737 1113 1797 den
1137 1737 1295 1800 browero

191 1831 305 1892 Numan
327 1831 506 1906 Naiostrots,
534 1831 616 1890 doleo
639 1832 762 1890 {amoma
795 1850 859 1890 nam
885 1832 932 1909 qui
958 1831 1035 1906 apud
1060 1832 1166 1891 nullum
1193 1850 1296 1893 eorum

191 1924 375 2004 scriptorum,
397 1943 467 2005 quos
491 1925 611 2004 allegat,
637 1925 696 1984 eius
715 1923 792 1983 effati
810 1915 921 1984 causam
940 1925 1080 2002 inueniet,
1105 1924 1230 1984 lenitatis
1248 1945 1298 1984 ar·

191 2015 406 2096 chaeologorum
430 2017 597 2076 insimulabit
623 2016 804 2096 philologum.
848 2017 894 2078 De
920 2020 996 2077 cultu
1019 2017 1144 2078 Euandri
1168 2019 1199 2078 in
1222 2021 1300 2081 urbe

192 2097 339 2190 Tbelpusa
358 2129 414 2171 nou
433 2111 521 2190 magis
542 2117 660 2170 constat.
699 2110 865 2172 Themidem
890 2111 999 2172 boasse
1022 2111 1051 2169 in
1069 2111 1188 2172 Ladona
1205 2111 1300 2172 fluuio
1335 2153 1336 2156 κ

191 2203 229 2262 lbi
247 2219 265 2262 a
284 2206 448 2284 quibusdam
467 2206 646 2280 narrabatur,
664 2205 786 2266 Pernen.
805 2209 837 2282 8,
857 2207 906 2268 25.
944 2205 1103 2284 Nympbam
1123 2205 1184 2265 eius
1202 2205 1301 2266 flumi-

159 2376 164 2384 .
192 2297 235 2356 nis
259 2298 343 2357 liliam
363 2310 444 2359 uetus
463 2300 574 2358 Graeca
596 2295 693 2357 sabula
717 2297 827 2359 uidetur
850 2299 997 2360 tradidisse
1015 2309 1132 2359 mamam
1151 2297 1302 2376 Euandri,

192 2387 277 2448 Paua.
296 2396 326 2462 8,
345 2397 392 2452 13.
438 2393 578 2452 Credibile
603 2410 671 2470 ergo
696 2401 740 2452 est
766 2395 958 2472 grammaticos
983 2395 1075 2474 potins
1098 2410 1135 2451 ex
1159 2392 1303 2454 Titanida

192 2481 308 2542 fatidica
325 2485 424 2543 secisse
442 2485 592 2563 nympham
610 2484 752 2545 fatidicam
767 2497 885 2566 propter
895 2488 1086 2547 Romanorum
1102 2485 1305 2562 Carmntam,

193 2594 296 2656 quam,
322 2577 397 2655 qnod
417 2578 579 2637 Clauseoius
598 2596 628 2656 p.
646 2582 722 2637 1237
747 2583 896 2658 opinator,
920 2581 1089 2639 contrarium
1113 2579 1141 2636 in
1167 2579 1304 2656 modum,

194 2669 295 2746 uulgm
308 2667 441 2728 'matrem
466 2671 596 2729 Euandri.
619 2673 833 2732 commutauisse
858 2673 1007 2732 Themide.
1059 2669 1144 2742 Quod
1174 2671 1306 2752 denique

194 2764 364 2840 grammatici
384 2769 455 2822 teste
473 2765 573 2822 Seruio
598 2763 634 2822 ed
654 2765 724 2823 hen.
744 2767 847 2836 8,130
865 2765 991 2824 Euandri
1015 2766 1129 2824 ahcuius
1148 2766 1306 2844 Tegeatae

195 2871 296 2915 nomen
316 2860 344 2915 in
362 2867 507 2917 stemmata
529 2856 688 2915 Atridarum
706 2869 902 2936 reppererunt,
922 2877 1041 2936 eumque
1053 2859 1224 2919 Clausenius
1246 2880 1308 2920 non

195 2947 336 3009 diaetam
355 2967 373 3010 a
391 2950 569 3010 Pallantiensi
594 2949 679 3009 fuisse
705 2951 847 3030 decernit,
874 2953 938 3030 quia
958 2951 1112 3024 Timandra
1135 2949 1217 3012 dicta
1243 2973 1309 3014 esse

196 3045 320 3125 potuerit
337 3063 390 3125 pro
405 3041 499 3126 Νίκῃ,
518 3045 547 3103 id
565 3043 742 3102 iudicandum
762 3045 820 3103 aliis
838 3045 975 3123 relinquo.
1015 3043 1100 3112 Quod
1118 3045 1206 3122 igitur
1226 3049 1310 3108 Phe·

197 3147 310 3202 neatam
328 3138 491 3198 Euandrum
515 3137 584 3196 dixit
602 3135 733 3215 Virgilius
750 3140 781 3212 8,
802 3137 869 3211 155,
896 3137 1015 3212 primum
1039 3135 1069 3196 id
1092 3139 1237 3215 signatius
1264 3143 1311 3216 fir,

197 3247 281 3307 quam
300 3249 362 3289 cnm
376 3230 493 3290 Ouidius
505 3231 674 3290 Nonacrium
693 3233 723 3306 5,
737 3233 777 3289 97
795 3240 825 3289 et
835 3231 1010 3290 Parrhasium
1031 3233 1142 3306 1,478,
1162 3243 1220 3292 aut
1233 3237 1313 3294 Car-

196 3331 319 3408 mentam
338 3325 501 3402 Tegeaeum
517 3333 547 3381 et
560 3323 744 3384 Maenalidem
763 3329 792 3398 1,
805 3325 879 3399 ⁶273
899 3326 929 3399 8,
943 3323 1016 3400 525,
1036 3330 1066 3400 1,
1078 3327 1136 3383 oet
1156 3329 1313 3404 appellate

182 3411 298 3473 deinde
321 3415 345 3472 si
369 3425 555 3476 commentum
580 3418 720 3496 poeticum
746 3426 882 3492 nonest,
910 3428 986 3476 certe
1011 3435 1063 3476 nec
1086 3422 1315 3496 grammaticum

72 3525 76 3533 ’
198 3523 260 3567 esee
275 3507 395 3583 uidetur,
416 3511 455 3567 uti
473 3510 617 3591 superiora
635 3510 699 3570 illas
719 3519 778 3568 tum
798 3512 929 3569 conuenit
947 3529 1010 3568 cum
1029 3529 1063 3570 ea
1081 3510 1200 3571 fabulae
1222 3533 1316 3591 grae-

198 3617 250 3659 cae
267 3609 365 3679 parte,
384 3617 457 3680 quae
474 3612 553 3660 extra
571 3602 688 3662 fictionis
705 3603 888 3681 suspicionem
907 3605 999 3682 posita
1016 3605 1082 3665 item
1101 3614 1163 3680 est,
1182 3605 1230 3666 de
1249 3607 1320 3668 La-

199 3693 273 3753 dona
291 3713 345 3752 auo
364 3702 489 3752 materno
508 3693 653 3771 Euandri,
664 3697 721 3754 uid.
741 3697 871 3756 Clausen.
890 3715 921 3776 p.
933 3701 1017 3768 1238,
1036 3697 1217 3758 dissonuerit
1239 3720 1332 3781 aneso¹

199 3803 262 3844 cum
280 3785 404 3866 Dionysii
423 3804 539 3848 romara
559 3790 745 3866 expositione,
765 3807 884 3866 quacum
904 3807 988 3868 aegre
1007 3794 1046 3849 ita
1064 3791 1254 3871 conciliruur,
1275 3799 1323 3856 uti

198 3877 232 3940 fit
249 3896 268 3940 a
286 3879 400 3956 Virgilio
419 3882 465 3938 oel
484 3881 622 3940 Pausania
640 3886 669 3952 8,
688 3884 737 3957 43,
756 3888 788 3957 2,
814 3892 844 3940 ιιι
863 3892 912 3940 aut
930 3885 1052 3942 omnium
1069 3884 1222 3947 Arcadum
1245 3909 1324 3967 pro-

83 4045 85 4053 ,
199 3987 269 4030 auus
288 3969 399 4047 Pallas,
425 3983 476 4034 aut
493 3976 638 4034 comitatus
661 3975 787 4038 Euandri
805 3975 944 4056 Pallantio
963 3979 1133 4055 potissimum
1154 3981 1325 4056 profectus

146 4115 149 4128 ,
200 4063 319 4124 dicatur.
367 4067 429 4125 Hon
455 4082 521 4146 ergo
546 4087 581 4132 ex
604 4070 767 4129 accuratiori
793 4085 910 4147 graecae
932 4071 1070 4148 religionis
1095 4071 1273 4148 cognitione
1300 4081 1331 4142 si

199 4157 290 4236 linxit,
307 4157 345 4219 do
363 4160 409 4220 uia
427 4159 560 4222 affirmari
577 4160 625 4221 uix
644 4161 792 4243 quicquam
810 4171 914 4260 potest,
931 4181 988 4242 qua
1005 4164 1034 4224 iu
1052 4163 1161 4228 ltaliam
1173 4170 1327 4246 perlatus
