2678 4668
401 324 705 428 'consecuturortus
750 349 753 361 '
1027 372 1121 420 ccxv.

56 533 99 594 quo
114 513 187 576 nodo
202 515 323 578 ratmunt
344 534 419 599 quae
436 517 473 580 de
491 538 577 598 capro
589 519 684 592 Liberi
703 518 789 599 patris
801 515 902 593 hostia,
914 537 950 578 to
963 518 1029 596 359,
1047 511 1115 584 Ser·

56 607 101 666 nius
116 606 238 681 habetati
256 631 301 690 ge.
322 617 354 688 2,
366 615 440 676 aasz
458 619 536 673 utres
552 631 619 674 uero
631 611 739 687 ,lieboot
756 611 795 686 ud
811 611 1016 674 inmitationem
1031 601 1124 676 stium

56 707 195 763 uuuuuus
212 683 373 785 cupressus,
391 724 426 765 os
443 705 509 783 quid
527 724 563 768 oa
581 706 626 766 bis
647 712 727 776 osen,
747 703 821 782 quod
838 723 894 766 ooo
913 709 1024 766 sentim
1038 711 1116 768 uiu-
1143 754 1145 762 ,

56 795 124 854 nunt
145 816 254 876 quorum
271 809 336 858 exta
354 799 383 857 in
402 801 525 859 uerubus
543 800 678 870 colurnis,
705 796 781 876 quod
801 816 891 876 aeque
910 800 1012 876 ultibus
1028 802 1116 862 inimi·

56 903 92 946 cae
106 890 180 948 coruli
197 903 299 968 meent,
317 893 506 969 torrebantur,
525 892 561 952 ad
580 912 624 971 ge.
644 897 673 965 2,
687 893 754 950 396.
791 891 921 952 Proxima
940 892 981 953 de.
993 894 1118 954 Aristaeo

57 980 153 1040 oloris
168 985 295 1044 sacrificio
314 995 446 1064 excerpta
463 996 528 1046 sunt
547 1005 581 1045 ex
600 986 705 1064 Virgilii
724 1004 819 1064 georg.
840 986 910 1044 libro
928 997 1046 1064 quarto,
1066 987 1118 1046 nisi

57 1073 109 1147 quod
124 1083 210 1136 taurus
228 1077 303 1157 apud
321 1075 453 1138 Ouidium
473 1079 575 1154 tellure
590 1080 737 1140 obruitur..
756 1080 845 1140 Versu
858 1083 913 1138 381
934 1080 1001 1160 quid
1018 1098 1117 1140 secun·

58 1159 102 1222 lun
111 1166 185 1227 libros
198 1189 251 1229 nou
272 1169 453 1250 interpolatos
471 1173 617 1248 ediderim,
637 1173 725 1250 uides,
744 1192 796 1232 nec
808 1174 844 1232 de
863 1171 1056 1234 commoditate
1074 1171 1120 1235 lo·
1222 1181 1232 1198 “

57 1258 144 1319 uriom
160 1263 303 1324 dubitabis.
336 1266 501 1326 Consentius
517 1286 546 1345 p.
562 1269 639 1326 2054
657 1286 720 1342 cum
737 1269 873 1346 praecipit
890 1285 1003 1346 posuere
1019 1269 1124 1350 iunco-4

57 1366 97 1408 eu
112 1363 136 1413 et
149 1360 224 1434 posci
242 1376 333 1436 aeque
351 1367 439 1436 recte,
457 1369 570 1439 praeter
589 1359 662 1420 bunc
681 1357 775 1421 Ouidii
793 1362 884 1420 locum
903 1361 987 1419 Ennii
1006 1379 1117 1420 uersum

56 1445 107 1520 apud
116 1447 222 1509 Paulum
234 1452 390 1528 Diaconum
408 1472 437 1532 p.
450 1455 500 1528 59,
513 1453 532 1514 5
549 1461 578 1513 et
590 1452 723 1528 Martialis
734 1457 767 1530 9,
776 1457 853 1530 80,2
873 1455 964 1533 potuit
980 1463 1118 1533 spectare.

57 1533 191 1617 luporum
209 1546 371 1624 imparilitas
397 1546 426 1606 u
448 1548 540 1624 pocus
558 1555 588 1605 et
605 1550 710 1626 arasa
724 1529 815 1608 'norun
835 1547 987 1625 displiceat.
1024 1545 1068 1606 Aa
1087 1565 1123 1627 o,

55 1629 93 1687 486
110 1636 210 1716 ascripsi
234 1640 330 1698 lucum
351 1638 462 1698 Leontii
481 1659 510 1717 p.
523 1643 581 1718 228
596 1640 636 1700 Μ
658 1642 704 1700 ubi
730 1640 782 1700 deu
809 1637 940 1700 &batus
957 1639 1036 1702 Solis
1056 1637 1118 1714 tilio

55 1715 134 1786 taur.
168 1729 264 1792 Genus
282 1732 352 1791 illud
372 1731 498 1792 sacrificii
513 1741 595 1810 ¹certe
615 1734 679 1794 exul
697 1746 782 1812 poeta
800 1734 957 1798 memoriter
975 1750 1010 1792 ex
1022 1731 1117 1810 Xeno·

54 1810 134 1887 plantis
144 1824 221 1885 anab.
233 1829 265 1900 4,
272 1826 300 1898 5,
308 1825 346 1886 35
361 1824 505 1905 repetiuit:
524 1824 647 1886 doctiora
665 1825 752 1888 babet
763 1829 862 1888 Fertne
875 1847 906 1906 p.
912 1830 980 1904 181,
991 1827 1042 1884 siu.
1052 1825 1117 1888 coll.

55 1903 125 1968 Seruio
135 1913 165 1973 ad
177 1936 220 1996 ge.
232 1927 264 1997 1,
277 1925 323 1980 12.
351 1920 397 1978 De
414 1936 484 1978 cane
501 1919 693 1998 immolator.
707 1923 766 1979 389
784 1929 895 2000 promer
913 1920 1119 1982 annotationem

54 1993 153 2080 Neapolis
170 2015 274 2090 poteris
292 2012 370 2072 adire
388 2021 511 2072 nostram
530 2012 568 2073 ad
588 2014 660 2072 trist.
681 2016 752 2090 1,9,
766 2017 814 2090 19,
840 2024 902 2074 tum
919 2014 1069 2074 Arnobium
1086 2011 1122 2094 4,

56 2091 189 2178 iieiuque
206 2106 384 2186 interpretes.
423 2103 534 2165 Fabula
553 2105 649 2185 Priapi
670 2115 719 2168 aut
732 2107 916 2166 Alexandrina
935 2115 990 2182 est,
1007 2103 1043 2163 de
1061 2121 1120 2181 quq
1220 2153 1224 2168 .

55 2200 127 2260 tenere
142 2195 210 2256 inira
229 2201 331 2258 alicubi
349 2200 545 2276 cunctabitur,
570 2200 756 2279 proditurque
774 2199 899 2259 fortassis
918 2215 952 2258 ea
969 2197 1046 2274 origo
1064 2193 1128 2256 ad-.

55 2277 125 2342 lotium
146 2291 316 2367 corimbifer,
336 2312 365 2351 u.
379 2295 455 2367 393,
474 2290 550 2371 quod
569 2293 645 2372 apud
665 2294 796 2354 Nonnutn
816 2290 977 2352 Callimachi
995 2290 1119 2348 imitato-

55 2385 306 2462 merainimus.
325 2388 373 2462 14,
394 2390 463 2462 310,
481 2395 548 2462 aut,
568 2386 644 2465 quod
662 2388 728 2446 item
749 2388 876 2469 exemplo
896 2405 955 2447 non
972 2391 1064 2459 caret,
1080 2381 1117 2440 ab

54 2461 125 2530 Ouidio
141 2487 181 2534 est
198 2481 356 2556 excogitata
372 2487 400 2536 et
412 2479 490 2556 quasi
511 2487 616 2540 attexta
636 2481 726 2541 ueteri
744 2481 783 2541 illi
802 2480 838 2540 de
851 2480 956 2558 Priapo
966 2486 995 2537 et
1004 2473 1119 2549 Lotide,

54 2554 132 2641 dtqna
148 2570 201 2631 uid.
221 2581 290 2630 met.
309 2573 340 2647 9,
353 2573 423 2650 stt,
447 2573 531 2636 Seru.
549 2572 586 2630 ad
604 2590 649 2652 ge.
668 2577 699 2648 2,
711 2573 759 2632 84.
798 2572 905 2632 Eadem
930 2571 967 2630 de
984 2569 1077 2654 Vesta
1089 2575 1119 2626 et
1223 2651 1224 2658 ἵ

53 2647 125 2734 Priapo
142 2676 272 2724 narratur
288 2665 360 2724 libro
378 2674 467 2725 sexto.
507 2666 661 2743 Vtramque
680 2666 789 2726 uouisse
809 2666 920 2742 uidetur
938 2661 1074 2724 Arnobiru
1089 2661 1118 2729 3,

54 2745 113 2810 liet
124 2760 283 2832 praesertim
301 2757 332 2835 5,
347 2762 378 2821 9.
414 2759 539 2822 Dubium
558 2759 606 2820 uix
624 2771 685 2836 est,
706 2761 772 2838 quin
793 2760 883 2822 altero
908 2767 971 2818 utro
995 2758 1057 2840 loeo
1080 2753 1118 2811 il-

52 2834 89 2898 bu
102 2849 270 2912 subtraxisset
283 2851 413 2927 Ouidius,
432 2852 454 2911 si
469 2871 579 2912 carmen
596 2853 773 2912 absoluissets
792 2852 875 2913 credo
890 2849 1048 2930 posteriori,
1066 2841 1119 2906 sed

53 2947 90 2990 ⁰⁰¹¹
104 2939 173 3020 ideo,
196 2949 263 3025 quia
287 2956 337 3003 out
361 2961 406 3003 res
429 2954 478 3003 aut
503 2948 593 3005 oratio
619 2947 674 3004 illic
699 2945 861 3025 displiceat,
885 2938 1118 3023 quemadmodum

51 3021 145 3092 bunius
165 3038 303 3098 immerito
322 3041 353 3115 6,
370 3039 427 3096 340
445 3037 575 3116 culpabat
601 3057 680 3098 usum
709 3041 785 3100 uocis
806 3045 890 3118 opto,
914 3055 987 3115 quae
1013 3051 1067 3092 uox
1089 3031 1117 3087 1¹¹

52 3122 110 3182 terit
124 3137 149 3186 et
165 3131 346 3210 religionibus
358 3132 471 3212 propria
490 3141 544 3210 est,
562 3132 620 3196 uid.
634 3137 706 3192 Acro
724 3133 762 3194 ad
775 3135 845 3192 Hor.
863 3148 947 3190 carm.
967 3134 997 3204 3,
1011 3131 1044 3185 8:
1065 3141 1117 3186 sttr-

50 3217 99 3284 pals
112 3230 166 3284 uui
182 3217 277 3304 aptior
299 3224 365 3286 olba
382 3219 621 3300 nimbuu,'Seru.
642 3225 678 3284 ad
698 3245 742 3304 ge.
762 3231 792 3296 2,
806 3222 879 3281 soor
902 3230 968 3283 torto
986 3221 1058 3277 sums
1075 3213 1135 3276 eal'
1227 3277 1230 3285 ,

51 3315 118 3380 oum
133 3317 313 3394 crotildem,
335 3317 387 3377 clr.
407 3317 443 3377 ad
462 3336 508 3396 ge.
523 3324 553 3394 1,
565 3320 634 3395 359,
653 3319 779 3378 Macrob.
799 3324 853 3376 sat.
873 3320 902 3389 l,
914 3315 966 3372 17:
986 3317 1052 3387 apta
1070 3325 1117 3370 te-

50 3391 119 3472 il'ffl·
135 3411 278 3472 οάὠτανσ.
310 3411 449 3471 Videntur
466 3412 533 3472 mihi
551 3411 622 3470 baec
639 3429 674 3470 ex
694 3410 836 3470 uetustiori
855 3427 905 3466 usu
923 3406 1017 3464 relicta
1032 3412 1060 3462 et
1078 3395 1116 3460 ad

51 3487 112 3565 Vim
128 3521 154 3560 u.
166 3511 196 3580 l,
208 3509 267 3566 392
281 3513 310 3566 et
321 3512 351 3579 2,
364 3505 423 3564 514
435 3504 539 3565 iacere.
578 3505 629 3564 Est
649 3522 683 3563 ea
702 3523 756 3562 uos
774 3521 810 3562 er
826 3503 869 3576 iis,
887 3516 1005 3578 quorum
1019 3505 1117 3556 tenues

49 3591 103 3656 limi
119 3594 281 3658 &criminis
295 3599 405 3657 umbras
422 3598 632 3678 lexicograplros
652 3595 778 3656 omittere
797 3602 891 3654 monet
907 3590 1060 3651 Huscbkius
1079 3584 1117 3648 ad

51 3672 208 3762 Til.1‚q‚1‚
239 3692 322 3763 Vide,
343 3691 411 3770 quid
429 3699 526 3772 optutu
545 3692 653 3750 dicatur
671 3687 746 3767 apud
759 3689 824 3745 Tib.
840 3693 868 3762 1,
881 3688 910 3760 4,
923 3685 971 3759 54,
988 3682 1073 3760 Prop.
1085 3679 1117 3754 5,

49 3769 112 3856 tto
129 3781 186 3843 oo
204 3783 276 3844 tao.
294 3791 323 3857 1,
332 3784 408 3859 <5973¹
424 3787 454 3855 o,
466 3788 532 3861 ros,
556 3803 611 3844 am.
631 3787 702 3860 2,1,
714 3783 770 3858 ³63.
786 3785 816 3856 a,
829 3785 919 3856 4,12.
959 3773 1116 3836 versusoo

51 3871 101 3934 quod
124 3877 196 3935 edidi
225 3897 284 3937 nou
315 3888 380 3955 eget
407 3879 635 3958 interpretatione
661 3874 804 3953 multoque
831 3875 921 3934 miuus
947 3867 1115 3928 defensione.
1206 3915 1214 3930 .

51 3955 99 4020 ⁰0⁰⁸
119 3969 223 4042 mcum
250 3989 301 4030 nec
327 3961 511 4032 Schraderus⁴
526 3971 697 4048 intelligebat
720 3968 768 4046 qui
791 3976 883 4024 esseut
907 3970 1019 4042 praeter
1042 3961 1117 4043 ipsos

51 4043 113 4113 Paua
126 4067 237 4122 υ.397.
269 4065 322 4122 llic
340 4066 383 4122 uit
401 4067 536 4144 superiori
553 4063 644 4124 uersui
662 4061 698 4120 de
714 4059 858 4119 trietericis
873 4055 1035 4134 ascripserat
1048 4049 1117 4112 uer·
1171 4083 1174 4090 ι

50 4153 88 4204 ’94
104 4147 201 4231 Virgilii
222 4156 293 4216 Aeo.
312 4161 341 4228 4,
354 4161 411 4215 303
430 4159 470 4217 ita
493 4147 559 4217 ase
578 4164 727 4216 tonaturus
752 4160 953 4227 nocturnusque
972 4150 1038 4205 boat
1056 4143 1118 4206 clu-
1238 4201 1242 4214 ,

52 4247 103 4298 'iit
124 4247 285 4313 oureus.
328 4251 421 4312 Versu
443 4253 501 4314 tot
524 4270 581 4314 non
605 4266 728 4332 Quosco
752 4245 941 4307 necessitatem
966 4233 1117 4299 scribendis
