2636 4678
502 309 543 353 na
567 290 678 356 nvtnto
1082 316 1138 366 pm

51 453 98 510 sed
123 453 297 531 locupletarit
320 456 446 516 studiose
472 463 502 517 et
526 459 675 517 illustrauit
699 454 822 536 copiose.
868 461 983 539 nuptos
1003 462 1057 524 boc
1082 475 1137 542 est,

49 546 121 623 quod
140 547 209 621 dico,
227 555 256 628 et
274 552 423 625 separatim
440 551 669 610 considerandum
688 552 914 631 unumquodque.
953 556 1137 634 Locupletars
1160 581 1164 588 ·
1193 621 1197 636 ,

50 641 165 717 intelligo
186 642 271 698 cuiuis
291 643 347 701 diei
367 653 416 701 aut
441 661 552 702 causam
573 655 656 705 notae
681 646 776 720 eidem,
794 647 957 724 appositae,
983 650 1029 707 uel
1051 651 1136 710 etiam
1190 665 1195 680 ·

49 733 136 808 plures
154 751 264 808 causas,
285 747 334 794 aut
355 738 474 816 denique
494 757 527 796 ea
546 735 717 814 adiungere,
737 757 809 817 quac
829 740 863 798 ad
884 751 976 798 notam
996 761 1032 800 nc
1049 747 1136 820 perti·
1222 735 1223 746 ¹

49 833 109 882 nent
127 825 248 904 quidem:
277 829 362 898 Quod
383 829 554 909 postremum
571 831 634 895 lasti
648 830 779 890 Malleani
796 823 935 909 utinquam
955 835 1069 904 faciunt,
1088 838 1135 913 qui
1194 849 1197 864 ¹

49 927 120 975 nums
139 917 226 994 adeo,
252 925 293 980 uti
322 923 458 1000 uidimus,
487 945 549 982 raro
569 924 718 1002 explicant.
757 924 977 1004 Locupletarunt
995 945 1063 985 uero
1082 929 1135 986 isto

47 1009 124 1069 modo
144 1013 228 1070 fastos
249 1035 300 1072 sna
320 1016 448 1074 doctrina
466 1017 522 1092 ulii,
542 1019 589 1096 qni
609 1021 635 1076 in
656 1019 755 1077 tabulis
774 1002 951 1094 marmorcis,
976 1019 1021 1077 uel
1041 1019 1133 1078 tineis

47 1121 88 1160 eos
106 1121 326 1184 proposuerunt,
347 1111 462 1167 Fuluius
481 1111 607 1169 Nobilior
626 1095 661 1169 et*
673 1111 786 1170 Verrius
806 1113 935 1186 Flaccus,
956 1130 1046 1190 neque
1066 1131 1133 1171 uero

46 1199 227 1272 explanarunt.
268 1203 443 1282 Quamquam
463 1207 535 1263 enim
555 1215 673 1284 uterque
693 1205 825 1263 mensium
845 1207 954 1264 nomina
973 1205 1150 1282 explicauit,

47 1291 103 1346 uide
127 1291 161 1350 de
179 1296 281 1352 Fuluio
300 1297 425 1356 Macrob.
448 1305 476 1370 l,
498 1305 532 1356 12
562 1309 590 1356 et
611 1295 706 1364 Verrii
730 1297 835 1378 inspice
857 1299 950 1360 titulos
976 1299 1131 1358 tabularum
1209 1292 1213 1302 “

45 1382 275 1446 Praenestinarum
294 1390 387 1448 Martii
406 1403 434 1448 et
452 1392 568 1468 Aprilis,
594 1392 641 1448 ubi
658 1392 775 1450 aliorum
792 1393 942 1454 sententias
961 1411 1132 1476 cpmmemo·

45 1489 97 1552 rat,
122 1482 256 1557 aquibus
283 1501 334 1540 nec
359 1483 528 1559 exagitandis
548 1485 680 1544 abstinuit
698 1483 737 1540 tx
756 1495 785 1541 et
802 1485 829 1542 X
848 1485 895 1542 ΚΡ
915 1485 1012 1562 April,
1036 1487 1063 1543 X
1083 1487 1131 1546 ΚΡ

46 1570 111 1630 lans
136 1583 228 1632 tamen
247 1575 332 1650 longe
354 1576 429 1636 aliud
449 1577 516 1654 quid
536 1578 678 1644 etiamilli
695 1577 794 1642 fecisse
813 1577 942 1637 censendi
961 1587 1042 1653 sunt,
1068 1579 1130 1655 quie

48 1665 92 1722 bns
107 1665 139 1724 ad
158 1687 202 1726 res
221 1670 335 1725 easdem
353 1670 519 1728 enarrandas
546 1691 601 1730 non
628 1687 778 1748 paucorum
798 1669 943 1746 digitorum
962 1670 1082 1747 spatium
1102 1673 1129 1733 in

45 1775 168 1818 armare
182 1761 311 1838 patebat,
326 1761 375 1820 aaa
396 1763 470 1837 risa,
488 1764 568 1822 aaut.
583 1764 664 1821 nias.
679 1747 1130 1840 p.sa,1sntoat.,'0n.1,so7,
1164 1786 1168 1798 x

43 1871 104 1927 quos
118 1855 296 1932 scripserunt,
317 1854 351 1911 L.
366 1855 478 1912 Cincius
495 1875 591 1930 unum,
611 1855 755 1914 Cornelius
768 1855 864 1914 Labeo
879 1857 990 1934 plures,
1002 1856 1038 1914 de
1052 1857 1128 1915 cuius
1233 1851 1235 1858 ’

43 1947 112 2022 copia
135 1949 188 2006 iam
216 1967 290 2004 nunc
317 1947 381 2006 uide
405 1949 530 2009 Macrob.
557 1951 739 2028 pates-tt
758 1950 867 2024 Gron,
893 1949 979 2008 Laur.
998 1949 1072 2025 Lyd.
1091 1949 1153 2008 de'

42 2057 118 2098 nens.
136 2044 168 2114 l,
185 2045 218 2097 l:
248 2039 300 2098 lios
326 2043 496 2120 antiquiores
522 2043 625 2103 Ouidio
653 2041 738 2101 luisse
761 2051 859 2122 postea
885 2041 1126 2101 demonstrabitur.

41 2129 129 2206 Nisus,
155 2134 214 2192 eins
234 2137 376 2212 aequalis,
394 2146 426 2193 ut
445 2147 531 2215 puto,
550 2137 760 2194 commentarios
778 2136 912 2192 fastorum
931 2134 1026 2193 edidit.
1043 2165 1047 2172 ·
1063 2135 1127 2194 Ma-

41 2227 119 2285 surius
137 2227 259 2288 Sabinus
278 2237 343 2306 post
362 2229 489 2288 Verrium
508 2240 537 2288 et
556 2227 689 2288 Ouidium
707 2227 841 2286 fastorum
860 2227 944 2284 libros
962 2219 1042 2286 dnos.
1079 2229 1126 2286 lu·

41 2317 84 2376 lius
99 2319 261 2394 Modestus,
279 2321 404 2380 diuersus
423 2323 469 2381 ille
488 2325 524 2380 ab
542 2323 652 2380 Aufidio
671 2321 811 2394 Modesto,
831 2329 860 2378 et
879 2319 981 2397 Hygini
999 2321 1125 2397 libertus,

41 2409 71 2470 de
84 2414 159 2472 seriis
176 2416 299 2492 scripsit.
339 2399 393 2474 His
407 2416 479 2476 addc
498 2436 568 2494 quos
587 2415 709 2472 indicant
727 2414 828 2472 Festus
841 2432 871 2491 p.
882 2415 921 2471 67
939 2414 1058 2473 ed.Vrs.
1077 2415 1125 2475 lin.

42 2512 84 2566 19:
103 2512 162 2586 [qui
179 2509 215 2568 ds
232 2505 323 2580 fariis]
342 2514 491 2568 amostruis
507 2497 714 2586 scrip[sertrut],
740 2515 769 2566 et
785 2505 942 2564 Macrobius
961 2507 1021 2567 Sat.
1044 2513 1123 2582 1,11

39 2602 90 2661 fin:
108 2608 155 2682 qui
164 2606 303 2662 solmam
318 2606 387 2661 unni
400 2605 534 2662 mensium
549 2602 705 2680 dirutusque
718 2608 744 2659 a
758 2599 956 2661 ordinationem
970 2621 989 2661 o
1005 2602 1038 2663 ll.
1053 2601 1129 2660 una·

39 2715 91 2755 rurs
110 2698 247 2774 digestans
265 2695 372 2772 plenius
389 2697 566 2768 rettulerunl3
594 2706 653 2754 tuns
673 2696 843 2770 Graeculos,
869 2696 918 2772 qui
941 2693 1017 2773 apud
1034 2693 1124 2754 Astro-

38 2808 123 2849 naenm
142 2801 172 2849 ct
191 2788 302 2865 Lydum
322 2790 517 2863 nominantur,
538 2791 686 2864 anysium,
705 2788 898 2865 Elpidianurn,
916 2788 1124 2864 Manethonsrn,
1183 2838 1185 2845 r

37 2884 113 2959 ipsum
131 2882 256 2960 denique
274 2883 314 2940 lo.
333 2882 452 2957 Lydum.
490 2882 596 2942 Poterit
618 2883 702 2960 igitur
719 2885 792 2940 inter
815 2879 867 2939 bos
885 2892 914 2938 et
932 2883 1041 2958 priores
1058 2889 1124 2940 tan·

37 2985 85 3034 mur
101 2987 179 3034 certa
199 2974 362 3034 discriminis
373 2976 502 3052 agnosci,
524 2985 554 3034 ut
574 2985 649 3035 recte
667 2975 815 3033 dixerimus
832 2982 861 3034 et
879 2973 1074 3050 locupletatos,
1094 2981 1123 3032 et
1173 3010 1175 3013 -

38 3081 167 3129 cosmatus
188 3070 225 3128 ab
245 3069 348 3128 Ouidio
368 3068 455 3127 fastos
474 3085 551 3142 esse,
577 3078 606 3127 et
625 3087 660 3126 ne
679 3069 775 3144 inepte
794 3065 846 3122 bac
865 3066 975 3143 quidem
999 3069 1017 3136 ς
1036 3065 1072 3122 de
1091 3066 1124 3122 iis

37 3163 175 3237 laninatis,
197 3179 272 3240 quas
290 3161 412 3237 addidit,
437 3161 537 3220 deinde
555 3161 682 3240 sequenti
700 3159 737 3218 de
755 3159 937 3238 explicatione
955 3156 1134 3236 disputatio--

36 3273 87 3314 nem
105 3259 291 3316 instituamus.
664 3299 666 3306 ,

98 3349 252 3430 Ampliauit
270 3347 389 3407 Ouidius
414 3347 500 3408 fastos
521 3348 694 3422 Maffeanos,
722 3345 864 3423 multaque
891 3365 927 3403 ne
950 3345 1122 3404 subindicata

35 3443 131 3518 quidem
152 3446 182 3501 in
203 3442 256 3501 illis
275 3441 397 3501 inseruit.
430 3445 529 3520 lugens
548 3443 620 3500 enirn
640 3457 732 3498 rerum
748 3441 827 3516 copia
846 3441 995 3514 alliciebat,
1014 3447 1045 3496 ut
1060 3440 1122 3515 qui·

35 3553 131 3616 cunque
150 3537 289 3597 fastorum
309 3537 520 3614 descriptionem
546 3535 722 3606 institueret,
744 3534 809 3591 satis
828 3534 929 3606 docte,
952 3551 1002 3591 suo
1028 3543 1123 3589 tamea

35 3631 180 3689 uniuerso
201 3629 238 3687 ab
257 3629 315 3686 aliis
335 3630 416 3687 modo
436 3627 464 3687 id
484 3639 588 3706 posset.
625 3627 684 3684 Fac
699 3625 851 3684 adornasse.
874 3625 924 3682 sibi
949 3645 1014 3683 eum
1033 3625 1122 3698 tabal-

34 3721 96 3799 lam,
113 3743 199 3803 quam
219 3722 365 3800 postmodo
385 3730 558 3800 exponeret,
577 3721 636 3778 eius
655 3721 773 3798 tabellae
793 3739 847 3778 non
868 3720 949 3776 nirnis
965 3728 1123 3806 accuratam
1160 3791 1161 3799 ἵ

35 3815 170 3893 imaginem
190 3815 297 3874 dabunt
315 3819 402 3888 istae,
429 3833 499 3898 quas
516 3816 545 3874 in
565 3815 680 3882 uetustis
699 3812 911 3892 manuscriptis
930 3811 1004 3891 libris
1023 3813 1140 3870 inuen-¹

36 3917 71 3964 tas
87 3911 132 3968 tibi
151 3927 292 3988 propono.
332 3911 444 3967 Habent
463 3910 535 3967 enirn
557 3928 655 3982 usum,
681 3927 737 3966 non
757 3924 888 3982 magnum
913 3905 1046 3979 quidem,
1067 3904 1122 3962 aii-

36 4019 106 4076 qucnr
124 4013 232 4077 tamen,
253 4011 282 4060 et
299 4013 364 4062 sunt
383 4003 557 4060 saeculorum
573 4001 623 4076 lX,
643 4001 692 4075 Xl,
710 3999 786 4072 Xlll,
804 3999 865 4056 XV.
952 4053 955 4060 .

93 4119 131 4168 ln'l'
150 4119 206 4166 Ion.
222 4119 325 4166 lunonis
341 4120 410 4168 leals
425 4122 452 4166 ct
466 4119 605 4174 Aesculnptt
624 4117 651 4164 0.
667 4113 775 4163 ⁴lustrata
792 4115 860 4162 louts
878 4143 991 4160 .....
1008 4115 1034 4158 el
1047 4119 1123 4158 aas·

38 4205 95 4262 ball-
127 4209 191 4256 mss
206 4199 255 4267 co‘.
275 4207 305 4256 Ι.
327 4207 429 4256 luaonts
444 4205 534 4266 fastum
550 4199 715 4268 [comscrutto
732 4204 873 4261 ausimum
889 4211 957 4249 man.
974 4191 1041 4260 sac]
1056 4195 1143 4246 louis»
