2678 4668
194 297 272 346 Clavi
658 298 702 345 DE
723 293 826 346 mili

194 447 344 516 murmaoit
360 447 457 507 Labeo
475 447 550 528 apud
563 449 676 508 Fettum
691 449 797 527 plot,
812 449 849 506 14
859 449 912 510 ain.
952 449 1049 520 Quane
1066 449 1159 508 unuani
1176 449 1280 524 nubent,

194 543 270 624 quod
288 545 379 602 Varro
396 544 427 616 6,
444 547 480 600 lo
507 543 662 612 Quirinalia
686 543 754 602 dixit
777 541 861 601 lerion
886 559 993 616 ωιιιιιι,
1019 547 1066 620 qui
1084 543 1281 604 mroooouoo

194 640 275 698 onia
291 653 347 696 noo
364 634 467 694 inerint
484 634 589 709 faioli.
628 636 715 707 Quasi
733 655 788 696 nou
808 637 928 694 omnium
947 636 1043 696 eadem
1062 637 1164 696 suerint
1179 637 1280 714 Forpa·

194 729 282 803 ola,
308 737 404 788 eontra
429 739 514 807 atque
531 728 648 789 Ouidiuo
667 749 696 788 u.
704 727 762 787 528
776 727 874 802 tradit.
911 729 994 788 Dicta
1013 739 1056 789 ent
1074 749 1159 814 supra
1179 749 1208 809 p.
1220 748 1279 788 oxu

193 821 352 907 oonieotuna
376 819 413 892 de
432 821 625 882 Fornacaliom
650 822 816 882 caerimonia
835 821 982 902 aliquando
1001 841 1019 882 a
1036 822 1099 882 toro
1117 825 1147 882 in
1165 825 1281 902 ninguine

192 913 269 972 niooo
287 915 384 974 relata.

198 1039 202 1048 ι
267 1006 313 1064 De
329 1005 519 1068 Parentalibue
537 1026 621 1088 nupta
639 1028 669 1088 p.
680 1027 725 1068 xo
744 1010 868 1090 exposui.
898 1008 1036 1088 Fugiebat
1054 1027 1100 1068 me
1117 1017 1195 1087 tuno,
1210 1011 1282 1096 quod

193 1098 303 1158 maximi
322 1107 365 1158 eat
382 1100 419 1160 ad
438 1103 622 1162 coniecturam
641 1121 731 1162 meam
749 1104 891 1179 momenti,
912 1102 1036 1162 torua
1054 1103 1159 1162 nondun
1179 1105 1282 1164 Faune-

162 1253 164 1258 ,
194 1193 277 1252 alania
295 1211 389 1254 meone
408 1195 560 1255 Februario
584 1207 648 1276 pout
666 1197 830 1276 Lupercalia
849 1195 931 1254 indici
950 1196 1115 1254 Parentalia.
1153 1195 1282 1254 Nondum

193 1294 287 1344 tamen
304 1288 370 1346 tatia
389 1289 472 1362 noui,
489 1290 518 1347 in
537 1299 607 1366 quot
623 1288 698 1365 dien,
718 1299 747 1348 et
764 1308 829 1348 num
849 1291 876 1348 in
896 1299 1004 1365 oentoo,
1024 1307 1060 1347 an
1079 1289 1199 1348 incertos
1217 1307 1285 1346 oon·

193 1379 248 1458 oipi
266 1381 468 1440 eonoeueniut.
506 1382 604 1440 Ferian
623 1383 736 1442 annales
759 1383 854 1442 inoerti
874 1383 1015 1460 temporis,
1036 1399 1109 1462 quaa
1128 1382 1284 1443 inciderunt

193 1473 222 1530 tn
240 1473 347 1550 paam
364 1492 413 1532 sex
436 1461 560 1551 mena,
579 1475 662 1553 plano
686 1475 848 1555 praeterito
874 1476 910 1534 ao
930 1474 1032 1535 oudo
1051 1476 1140 1534 notun
1158 1477 1284 1535 exuam

192 1575 307 1646 praeter
323 1565 453 1642 Ladnaa,
478 1568 515 1628 de
533 1569 632 1647 quibua
651 1567 698 1628 adi
718 1568 873 1628 Vononem
885 1571 920 1639 6,
936 1568 984 1640 26,
1001 1568 1181 1628 Niebuhnium
1201 1569 1231 1628 h.
1247 1571 1283 1630 R.

192 1665 224 1736 2,
243 1678 273 1739 p.
283 1663 320 1720 38
331 1679 406 1740 sqq„
431 1662 610 1722 Vamoenium
635 1660 776 1721 animadu.
795 1682 825 1741 p.
835 1663 893 1720 245
910 1681 965 1740 eq„
989 1661 1018 1740 p'.
1033 1663 1091 1718 294
1104 1680 1166 1739 sqq.
1210 1662 1284 1720 Nam

192 1755 358 1833 Compitalia
377 1773 481 1830 uerna,
507 1755 564 1814 uid.
584 1755 664 1824 Suet.
685 1753 750 1815 Oet.
771 1760 827 1831 31,
851 1756 1027 1834 conceptione
1045 1751 1144 1826 leriae,
1172 1757 1284 1814 tentibtn

191 1845 335 1906 monnio
354 1851 382 1918 1,
400 1847 494 1924 566,
514 1847 590 1908 Geli.
610 1852 659 1923 10,
671 1851 710 1906 24
730 1857 759 1908 et
776 1848 864 1908 Paulo
883 1849 962 1908 Dino.
981 1867 1010 1926 p.
1022 1849 1070 1921 62,
1091 1846 1139 1921 15,
1158 1866 1195 1907 ne
1214 1848 1284 1906 Var-
1330 1871 1331 1894 ι

149 1997 152 2002 .
192 1940 268 2000 moin
281 1941 342 2018 quia
354 1941 435 2000 nimia
448 1949 585 2002 uetuatum
602 1942 785 2000 tentimonium
798 1939 881 2018 dieat,
897 1950 1063 1998 tractaturus
1075 1937 1159 2004 luisse
1174 1941 1285 2018 eopiooe

192 2031 303 2092 uidetur
314 2031 440 2094 Ouidiut.
465 2035 576 2095 Etenim
593 2035 623 2094 in
641 2033 712 2096 libro
732 2034 865 2111 seeundo,
885 2034 932 2093 ubi
950 2033 1037 2092 multa
1056 2051 1073 2090 a
1091 2041 1176 2111 poeta
1194 2030 1285 2091 hitdoa

191 2134 222 2186 et
238 2125 390 2209 inoongrua
408 2137 473 2188 eunt
491 2128 601 2205 relicta,
619 2145 692 2206 quae
710 2147 727 2187 a
747 2147 775 2188 ιι.
788 2128 844 2186 671
864 2125 900 2186 ad
919 2129 977 2185 617
995 2125 1032 2184 de
1050 2125 1102 2184 dea
1121 2126 1219 2184 Tacita
1239 2125 1285 2184 uel

190 2217 271 2278 liuta
284 2219 388 2280 Latum
406 2231 495 2282 matre
513 2223 652 2301 leguntur,
671 2241 727 2281 non
741 2222 778 2282 ad
792 2221 913 2295 Feralia,
931 2220 980 2278 aad
998 2217 1033 2276 ad
1047 2219 1211 2298 Compitalia
1226 2220 1285 2278 nine

190 2309 316 2390 Lanario,
335 2316 411 2392 Fani.
426 2317 531 2394 ρ.256,
543 2320 579 2377 16
588 2318 651 2395 nin,
669 2315 837 2397 opentauisse
850 2322 930 2392 puto,
950 2311 1013 2370 uide
1029 2311 1064 2370 de
1078 2310 1174 2372 eadem
1188 2312 1218 2369 in
1232 2312 1285 2369 illia
1332 2321 1333 2340 ¹

173 2413 175 2420 '
191 2406 357 2466 oaerimonia
369 2407 539 2469 Matnobinm
555 2420 585 2488 1,
595 2416 625 2488 7,
641 2431 670 2490 p.
680 2414 738 2468 220
747 2427 802 2486 nq.,
821 2404 857 2465 de
872 2407 983 2484 reliquia
999 2425 1075 2476 nero,
1094 2423 1168 2484 quae
1181 2403 1286 2464 Ouidio

191 2502 449 2562 commemorandae
467 2506 617 2576 restabant,
635 2505 749 2564 Festum
770 2522 799 2580 p.
812 2499 880 2576 257,
900 2501 996 2574 lain,
1016 2499 1134 2556 Paulum
1153 2517 1182 2575 p.
1193 2499 1245 2573 69,
1256 2499 1284 2568 6,

191 2593 504 2671 p.121,17=Diooysti
523 2598 587 2656 Hal.
602 2599 683 2673 4,14
701 2596 829 2654 mirifioua
848 2602 890 2652 ent
910 2611 988 2651 error
1007 2593 1043 2651 da
1062 2592 1103 2650 hio
1122 2591 1207 2650 feriis.

266 2684 368 2743 Feriae
390 2689 504 2748 annalen
529 2691 678 2768 populatas
703 2691 732 2748 in
755 2697 861 2746 eertum
886 2686 958 2745 diem
977 2686 1085 2764 concipi
1107 2686 1204 2744 solitae
1221 2681 1286 2750 fua-

191 2785 258 2837 nunt
276 2778 410 2855 Caristia,
435 2786 467 2855 2,
482 2784 556 2858 615,
582 2792 714 2861 quantum
740 2769 874 2858 intelligo.
912 2779 986 2837 Nam
1003 2779 1027 2835 ni
1044 2787 1134 2836 statae
1156 2777 1287 2850 inianent,

191 2867 294 2946 dedo,
320 2881 483 2932 notarentur
507 2876 535 2934 in
560 2875 640 2935 fanda
664 2873 820 2934 Maffeania
861 2873 1007 2931 Fastorum
1026 2870 1287 2942 Lambeoianon'um,

189 2963 239 3023 ubi
256 2963 355 3024 eodem
373 2965 419 3025 die
433 2987 489 3045 quo
503 2968 579 3046 apud
594 2968 726 3028 Ouidium
742 2974 849 3042 extant,
868 2985 924 3024 non
943 2983 1043 3042 magna
1062 2973 1105 3022 eat
1124 2962 1287 3022 auctoritas.

186 3054 338 3118 Praeterea
357 3078 492 3138 nonquam
511 3071 759 3122 commemorantur
777 3061 828 3119 nini
845 3059 920 3137 apud
937 3057 1028 3126 Valeo.
1044 3058 1119 3117 Max.
1135 3063 1167 3133 2,
1181 3063 1211 3130 1,
1224 3060 1244 3114 8
1257 3063 1289 3114 et

188 3150 217 3210 in
232 3151 311 3212 santio
324 3153 431 3212 ruatioin
442 3155 568 3230 Faunae,
587 3173 661 3234 quae
679 3155 715 3213 ab
734 3153 793 3214 aliis
811 3153 960 3212 obseruata
977 3159 1050 3210 eunt.
1077 3151 1110 3209 lu
1129 3150 1172 3209 hi·
1190 3158 1290 3208 autem

187 3241 268 3304 lautia
286 3247 371 3304 uerba
387 3247 486 3306 catto
501 3249 673 3310 COGNAT.
690 3257 765 3307 necte
782 3264 814 3306 aa
832 3245 935 3304 nanae
951 3244 1120 3304 demonstrat
1133 3242 1291 3302 Tertullia-

188 3353 242 3396 ιιιιι
266 3335 303 3396 de
321 3339 459 3400 toolouo.
479 3360 508 3420 p.
519 3344 574 3401 621
602 3341 727 3402 editiomn
752 3359 836 3419 quam
859 3357 945 3417 nupta
968 3337 1103 3411 indicaui,
1129 3336 1178 3412 qui
1203 3351 1292 3395 outae

188 3432 361 3506 oonooaooo
382 3429 535 3494 domnolo
559 3443 711 3513 nuncupat.
755 3434 855 3492 Fetiae
878 3429 1000 3491 eiuadem
1022 3447 1084 3490 oum
1110 3427 1152 3489 hia
1167 3427 1291 3506 'generis

186 3541 280 3601 neque
306 3533 399 3582 tameo
424 3527 543 3586 uniuersi
568 3530 666 3606 populi
691 3546 746 3586 non
771 3525 890 3584 sonante
914 3542 1009 3583 omnen
1027 3541 1045 3582 a
1063 3522 1170 3580 statiuis
1187 3519 1292 3600 populi

185 3616 307 3696 partium
327 3615 489 3694 dignoscere
508 3620 597 3678 noluo.
628 3621 720 3680 Vnum
739 3629 833 3680 mmeu
851 3627 930 3680 extra
948 3617 1145 3676 dubitationem
1164 3615 1292 3693 potitum

184 3709 310 3770 mutuno
330 3710 498 3789 exemplum,
516 3710 600 3772 leniae
612 3713 772 3797 stultorum,
790 3728 863 3789 quaa
878 3710 979 3772 dineni
995 3710 1041 3768 uix
1059 3726 1120 3768 ease
1131 3713 1293 3785 potuerunt

184 3803 293 3880 generis
312 3821 331 3861 a
347 3802 546 3863 Fornacalibuo
567 3823 623 3864 non
640 3808 797 3865 stultorum.

262 3895 382 3956 Reatent
406 3897 489 3974 igitur
513 3899 631 3959 statinae
655 3900 798 3976 utriunque
817 3905 910 3956 notae.
948 3895 1053 3954 Earum
1071 3911 1145 3974 quaa
1162 3891 1294 3950 nniuemi

185 3989 284 4068 populi
301 3989 421 4050 Romani
443 4008 500 4048 nou
519 3989 648 4065 inerunt,
675 3991 704 4050 in
721 3990 800 4050 santia
815 3979 960 4048 Maffeauio
983 3996 1116 4047 notantur
1141 3985 1223 4058 iliae,
1251 3983 1295 4042 de

186 4082 287 4161 quibua
304 4101 391 4161 auprn
408 4100 439 4161 p.
456 4099 541 4154 ιω
559 4083 625 4143 dixi.
663 4083 709 4142 Da
727 4083 895 4160 Agonalibnn
919 4082 957 4140 lli
975 4081 1017 4142 id.
1036 4081 1107 4139 Deo.
1126 4096 1216 4156 nupta
1241 4091 1294 4136 me

184 4175 337 4256 aliquando
358 4177 387 4236 in
405 4177 529 4238 euntem
547 4177 704 4238 inlexeruut
722 4175 871 4254 Fogginiuo
890 4193 920 4254 p.
939 4177 978 4236 74
991 4194 1033 4252 aq.
1054 4182 1082 4232 et
1101 4172 1148 4249 qui
1167 4169 1293 4230 Festum
