2678 4668
550 277 702 364 eversore
865 325 868 336 ι
1017 329 1020 332 ·
1070 314 1203 384 ιιιιιι
1253 301 1256 306 ’
1337 293 1338 298 ’

67 419 132 530 rum
153 465 274 529 sacraria
292 465 378 528 luisse
396 467 494 547 uiginti
512 452 756 546 septemtestetur
770 438 904 550 Virroli
912 468 933 529 l.
948 467 979 546 d,
990 465 1037 532 44.
1074 473 1177 536 Potest

68 565 193 632 Ouidius
212 565 240 622 in
259 580 291 620 re
310 561 381 620 adeo
400 561 504 620 difficili
531 579 676 621 numerum
695 561 771 621 illum
788 563 939 642 pleniorem
954 562 1077 643 Dionysii
1095 585 1173 628 eom.
1274 611 1280 629 ,

67 678 188 740 parasse
213 675 247 716 ao
266 655 390 714 retulisse
416 655 617 714 adnumerum
641 657 777 714 curiarum
803 654 995 716 ant'tribuum
1013 661 1175 723 renuendos
1196 685 1198 691 ’

67 761 136 832 quoi
156 768 274 830 corporo
290 757 397 826 passim,
416 749 446 809 ir.
467 767 493 808 e.
512 741 665 827 φράτρας,
685 751 785 826 curias,
805 750 862 809 uid.
880 749 997 828 Dionys.
1018 759 1047 829 l,
1058 757 1090 830 8,
1109 757 1172 827 caii.

65 847 154 906 Paul.
173 847 253 905 Diae.
273 863 303 924 p.
318 846 367 920 49,
386 846 418 920 4,
443 851 492 902 aut
516 844 580 902 uide
598 844 675 903 Fest.
695 863 725 924 p.
735 847 804 920 233,
821 843 859 904 26
876 845 966 906 dextr.
990 856 1020 906 et
1037 847 1172 907 Niebuhr.
1271 923 1272 930 ἵ

67 941 133 998 lrist.
155 940 211 998 Ro.
232 944 261 1013 1,
274 957 311 1016 p.
324 937 391 996 465.
437 938 620 1016 Hyperbaton
644 937 720 998 foret
743 933 817 998 idem
841 937 917 1016 quod
940 947 1053 999 metam.
1073 941 1175 1016 3,420

66 1030 224 1092 secandum
243 1032 330 1090 bonos
348 1031 448 1090 librorr
466 1033 603 1108 panissas
613 1049 660 1091 neu
674 1030 783 1091 damino
793 1028 881 1091 sidus.
910 1031 1055 1107 Postremo
1072 1052 1103 1091 ιι.
1114 1035 1172 1093 661
1265 1057 1271 1074 ·

68 1128 97 1184 in
117 1127 255 1184 librorum
274 1126 410 1203 scriptura
429 1126 554 1204 agnoscis
573 1123 740 1185 Ouidianam
760 1125 997 1202 consuetudinem,
1016 1145 1072 1186 am.
1092 1131 1123 1201 3,
1142 1131 1174 1202 1,

68 1224 123 1295 ³¹3
144 1225 175 1295 6,
189 1221 239 1278 79.
276 1217 320 1277 De
341 1220 438 1296 Argeia
464 1217 547 1277 uideo
573 1217 728 1297 ‹lisputaste
747 1219 925 1278 Clausenium
948 1221 978 1278 in
1001 1205 1072 1278 libro
1091 1223 1174 1298 inge-

67 1315 242 1388 niosissimo,
262 1311 338 1369 cuius
357 1330 431 1370 nunc
451 1311 561 1371 demum
582 1330 696 1392 compos
714 1331 775 1372 sum
792 1311 900 1388 factus,
919 1332 950 1392 p.
964 1314 1022 1372 934
1040 1333 1101 1392 sqq.
1140 1314 1177 1372 ln

68 1423 104 1466 eo
124 1406 198 1465 libro
217 1414 351 1483 quantum
376 1413 441 1485 pust
464 1406 580 1485 primam
599 1405 745 1465 lectionem
763 1405 886 1466 indicare
908 1407 989 1482 iicet,
1015 1407 1125 1485 saepius
1143 1403 1173 1466 id

68 1499 119 1575 fis,
146 1497 225 1578 quod
248 1499 304 1556 hoo
322 1517 434 1578 quoque
458 1499 538 1557 loco:
563 1499 819 1578 interpretationem
845 1499 963 1579 pulchre
987 1502 1172 1579 excogitatam
1229 1551 1237 1567 ,

68 1610 136 1651 cum
157 1594 306 1671 probatum
324 1593 381 1652 itur
398 1611 450 1670 per
467 1601 646 1670 argumenta,
670 1612 707 1653 ne
726 1596 816 1671 imago
838 1603 945 1652 tantum
963 1593 1012 1666 sit,
1032 1611 1066 1653 en
1085 1599 1174 1672 argu}

69 1697 167 1745 menta
189 1696 255 1746 sunt
277 1685 401 1744 doctiora
414 1685 504 1764 ’qnam
525 1685 677 1762 ualidiora3
702 1684 827 1755 doctrina
854 1705 921 1745 uero
939 1685 1066 1766 lpsa'illa
1085 1689 1173 1748 Clau·
1229 1699 1230 1706 ’

68 1781 153 1856 send,
172 1798 248 1858 quae
267 1777 345 1838 tanta
361 1789 414 1854 est,
435 1785 540 1857 quanta
554 1780 582 1836 in
595 1779 683 1855 nulio,
703 1781 751 1859 qui
770 1779 824 1838 imo
840 1781 993 1841 litterarum
1008 1799 1096 1860 genus
1108 1779 1174 1842 attt-

68 1874 172 1956 gimm,
192 1893 248 1932 non
266 1873 338 1932 solet
356 1891 401 1946 ea,
420 1883 493 1950 quae
511 1869 625 1932 iuemnt
639 1872 716 1952 apud
730 1875 884 1950 Romanos,
904 1875 940 1933 ab
959 1875 1001 1950 iis,
1020 1893 1093 1954 quae
1112 1879 1175 1935 orei

69 1967 130 2026 dita
149 1975 233 2041 sunt,
257 1968 423 2026 discernere.
451 1963 552 2041 ‚velut
569 1969 688 2025 sacraria
707 1979 853 2044 argeorum
871 1976 953 2046 putat
970 1967 1056 2028 lause
1073 1977 1175 2048 puteo·
1210 1977 1213 1982 '
1337 1973 1338 1982 ’

70 2075 134 2120 sum
154 2063 182 2119 in
204 2055 350 2138 argrilacea
368 2069 462 2119 terras
487 2059 633 2137 originatio
656 2059 853 2140 admirabiliter
875 2063 1020 2120 astruitur:
1046 2063 1070 2120 si
1088 2078 1175 2140 quae·

71 2165 135 2230 ras,
163 2155 212 2212 ubi
231 2154 339 2212 Romae
362 2153 520 2231 argillarum
541 2153 729 2212 Camenarum
754 2153 870 2230 uestigia
896 2153 1016 2229 suerint,
1038 2155 1176 2214 indicatur

70 2249 161 2307 solum
181 2245 334 2324 Argiletum
353 2263 416 2303 cum
435 2245 495 2304 lani
514 2246 659 2322 Lautulis,
687 2263 761 2324 quae
780 2244 957 2321 coniectura,
976 2262 1029 2306 nee
1047 2259 1123 2306 recte
1143 2257 1176 2307 nt

71 2351 158 2422 puto,
184 2340 407 2416 coniunguntur,
433 2357 601 2418 quamquam
624 2339 661 2398 de
680 2355 715 2398 ea
741 2356 772 2397 re
790 2339 898 2417 insigne
917 2343 1053 2419 glossema
1072 2339 1173 2402 codisis

71 2437 250 2495 Monacensis
276 2432 349 2492 edidi
375 2432 411 2491 ad
437 2429 503 2491 last.
524 2435 554 2507 6,
574 2433 641 2491 404.
685 2432 795 2492 Deinde
818 2433 893 2512 qnod
911 2453 941 2514 p.
956 2433 1014 2514 941
1038 2433 1175 2500 indicatur

72 2529 198 2590 Saturno
217 2546 252 2588 ea
269 2545 350 2585 sacra
367 2525 444 2602 lieri,
468 2527 516 2605 qui
534 2525 604 2584 deus
621 2525 727 2585 scilicet
746 2526 909 2585 obscurata
929 2527 1019 2586 iucem
1036 2528 1173 2608 proferet,
1199 2604 1204 2610 ,

73 2621 229 2682 idminime
245 2619 363 2680 traditur
375 2629 507 2698 usquam:
528 2619 593 2679 nihil
608 2620 660 2679 nisi
672 2619 796 2680 sacrificii
811 2620 925 2678 humani
942 2620 1062 2701 speciem
1080 2637 1173 2701 gram

73 2717 166 2776 matiei
184 2714 394 2794 spectaremur,
414 2714 464 2792 qui
481 2711 517 2772 de
530 2713 653 2774 Saturno
671 2715 707 2773 in·
718 2711 772 2772 hac
789 2725 822 2772 re
835 2725 998 2775 narrarunt.
1037 2717 1120 2788 Quae
1137 2717 1175 2778 du

73 2809 271 2888 superstitione
290 2807 337 2866 ilia
355 2807 495 2886 communi
513 2806 705 2886 disputantur,
723 2823 780 2885 qna
797 2823 832 2866 eo
850 2815 993 2887 tempore,
1012 2828 1075 2869 cum
1094 2819 1174 2870 nata·
1212 2805 1220 2864 1

75 2905 114 2962 tio
129 2905 158 2961 in
172 2900 288 2960 flumine
306 2900 409 2984 incipit,
427 2899 529 2959 fluuius
547 2900 585 2959 de
602 2909 687 2979 ponte
706 2899 858 2977 placandus
876 2900 970 2973 mair,
988 2921 1018 2984 p.
1029 2905 1097 2979 942,
1105 2906 1173 2976 948,

75 2997 217 3077 aptissima
237 3003 317 3055 sunta
336 2993 386 3052 sed
405 3005 498 3054 tamen
516 2992 584 3052 illud
604 2995 782 3071 prouerbium
801 2993 838 3052 de
856 2996 1049 3072 sexagenariis,
1066 2995 1173 3074 dequo

76 3092 141 3149 uide
161 3090 246 3149 etiam
265 3087 388 3146 Nonium
406 3105 435 3167 p.
446 3089 515 3162 523,
528 3089 583 3162 21,
609 3095 743 3165 quantum
768 3087 934 3166 intelligam,
960 3096 1010 3146 aut
1031 3090 1102 3147 sacri
1118 3088 1176 3146 hu·
1251 3079 1256 3088 ’

75 3175 152 3247 mani
169 3181 332 3246 memoriam
350 3190 455 3257 seruat,
474 3187 524 3242 aut
536 3193 572 3240 ex
585 3199 663 3240 more
676 3180 848 3266 cornitimnm
864 3182 1025 3240 translatum
1039 3189 1099 3259 est;
1118 3192 1174 3244 nun

75 3287 170 3358 potest
190 3287 310 3354 auoque
328 3273 412 3333 modo
430 3291 528 3338 uenam
542 3283 573 3334 et
588 3268 725 3334 uetustum
741 3259 810 3345 esse,
828 3282 861 3331 ut
878 3291 957 3333 senes
976 3275 1088 3334 etiam·
1079 3294 1115 3334 ιι
1127 3293 1176 3336 co·

76 3371 160 3432 mitis
184 3370 240 3430 deo
265 3368 391 3430 fluuiatili
410 3365 557 3454 Petronius
577 3370 665 3432 amnis
690 3366 782 3428 traditi
805 3367 927 3445 tuerint,
954 3368 994 3427 uti
1012 3367 1175 3480 Ciamenius
1249 3359 1254 3378 ‘

76 3465 147 3526 uelit
164 3483 196 3544 p.
206 3465 292 3523 944.’

154 3557 249 3618 Venio
267 3557 306 3616 ad
323 3571 357 3616 ea
375 3572 465 3636 sacra,
484 3573 559 3636 quae
578 3572 641 3618 oum
659 3555 734 3616 seriis
753 3558 869 3640 publicis
887 3557 1034 3616 coniuncta
1053 3555 1176 3616 luerunt.

77 3651 258 3715 liaximnm'
248 3666 278 3710 m
292 3648 335 3712 iiis
350 3660 393 3712 est
408 3641 578 3712 momentim
589 3649 627 3709 ad
646 3649 760 3713 deorum
774 3652 873 3731 quibus
891 3651 996 3710 fiebant
1010 3651 1186 3728 cognosces?

78 3745 132 3808 das
150 3755 285 3823 natmas,
311 3759 384 3825 quas
402 3765 456 3826 per
473 3745 550 3809 nasia
569 3754 723 3806 commenta
741 3761 826 3831 saepe
844 3755 909 3804 sunt
931 3746 1112 3821 obscuratae,
1136 3743 1179 3803 uti

79 3840 215 3922 proximis
240 3841 317 3899 libris
342 3841 497 3902 docebitur.
541 3839 691 3900 Maximum
717 3841 799 3900 etiam
822 3839 850 3897 in
875 3835 929 3897 hac
953 3855 985 3899 re
1009 3831 1179 3898 momentum

80 3948 171 4014 saepe
188 3933 276 3993 estin
292 3937 459 4005 anctoritate
477 3931 583 4010 Ouidii,
601 3948 674 4012 quae
691 3914 750 3992 sola
769 3941 817 3994 aut
835 3933 1024 4011 antiquissima
1042 3931 1116 3992 haud
1133 3949 1180 3990 se·

80 4027 153 4102 mel,
172 4026 221 4086 sed
239 4028 379 4088 interdum
397 4026 560 4108 imperfecta
575 4035 660 4088 extat.
691 4026 736 4088 De
753 4025 813 4089 lani
831 4041 910 4086 sacro
927 4025 993 4090 Kal.
1009 4025 1069 4086 lan
1083 4019 1181 4101 1,127
1281 4013 1282 4020 '

82 4129 174 4180 tenue
191 4129 233 4180 est
249 4121 392 4183 indicium:
407 4123 542 4202 ,reliquae
567 4121 731 4183 cerimoniae
749 4123 800 4184 ab
805 4129 854 4180 ata
872 4115 905 4180 et'
919 4118 1021 4182 sacello
1039 4121 1181 4178 seiunctae

85 4213 135 4278 nix
160 4211 215 4276 irus
238 4218 388 4300 pertinent.
426 4213 553 4282 Fuerunt
577 4217 635 4278 eius
660 4215 751 4302 prima
769 4215 919 4297 Agonalia,
945 4213 1097 4298 dequibus
1115 4207 1181 4272 uide
1204 4304 1207 4312 .
1232 4249 1235 4260 ι
