2636 4678
193 283 237 332 xl.
457 291 458 310 ¹
634 233 836 326 FFBFVAFNB

197 425 266 496 nulli
285 441 444 514 supersunt,
462 437 574 510 praeter
592 428 747 490 llaffeanos
766 427 1031 505 ethnuiseclanoe,
1049 427 1097 506 qni
1115 429 1283 486 metatui

127 557 131 564 ·
195 531 224 588 lu
243 529 283 587 tx
301 529 361 602 ΚΡ,
377 535 419 585 et
435 543 505 604 quus
527 525 557 583 iu
581 521 721 582 codicibus
739 539 773 582 ex
791 521 895 581 Ouidii
907 523 997 580 uerbis
1015 522 1156 584 molestos
1173 525 1284 604 postbuo

197 623 295 697 edam,
314 626 431 698 qnorum
448 616 561 696 quidam
580 617 631 674 Xll
651 615 698 675 Kl’
718 615 828 674 Feralia
847 625 972 694 ponunt,
988 615 1065 673 tnale
1081 618 1224 696 pensitatis
1243 637 1283 674 uu.

195 715 265 788 667,
284 715 366 772 568.“
387 711 478 771 Silta
497 712 630 769 rationein
648 710 789 783 instituas,
814 709 939 768 undeoitn
959 707 1046 786 pedes
1063 709 1215 785 inteiligas,
1236 711 1285 768 uti-

198 826 254 886 que
271 808 299 865 in
318 807 378 885 ipsa
397 805 550 874 Quirinalia
571 811 601 862 et
617 804 766 861 stultorum
787 801 871 860 letias
889 801 999 859 Feralia
1016 800 1142 860 insidunt
1159 812 1190 876 et
1208 803 1284 860 inter·

199 901 271 980 preti
289 899 452 958 Fornacalia
478 899 674 956 instaurantur.
711 893 773 954 Nec
797 895 876 953 lubet
897 893 1016 952 absurda
1038 911 1073 952 en
1091 897 1238 973 persequi,
1261 896 1305 954 inl

200 1011 274 1072 quae
292 999 444 1070 coguntur,
464 991 511 1067 qui
529 987 639 1046 Feralia
659 985 785 1047 noniano
804 989 890 1047 uelint
907 988 935 1044 iu
954 989 1134 1046 Terminalia.
1172 989 1286 1048 Necesse
1304 973 1305 1036 i

193 1096 244 1168 'est
262 1087 385 1144 tabulam
400 1081 568 1142 iilaffeanatn
586 1079 684 1138 reddat
702 1079 828 1140 Ouidius.
865 1080 987 1140 Primum
1006 1078 1207 1157 igitur'censeo
1226 1041 1305 1160 pos-i

201 1189 259 1238 tam
278 1187 387 1255 tempus
412 1177 484 1246 istud
511 1173 664 1252 religiosum
690 1175 834 1252 repetiisse
857 1175 960 1232 aKal.
979 1174 1074 1247 Faba,
1100 1174 1177 1252 quod
1197 1175 1305 1252 eodem

202 1269 287 1349 plane
304 1268 388 1328 modo
406 1268 473 1327 iecit
491 1285 586 1326 mense
602 1266 680 1325 luuio
698 1269 730 1343 6,
744 1271 809 1325 223.
849 1267 923 1336 Quin
943 1267 1027 1344 panio
1045 1269 1172 1346 superius
1191 1269 1286 1343 2525
1304 1273 1305 1288 .

202 1361 394 1422 Fornacalium
412 1361 619 1422 indicendorum
634 1371 743 1439 tempus
756 1358 821 1418 iude
836 1377 853 1416 a
865 1359 997 1418 Kalendis
1010 1360 1109 1419 eodem
1119 1361 1205 1420 modo
1220 1379 1287 1419 con·
1304 1395 1305 1438 ,

203 1457 374 1516 memorauit.
413 1455 474 1514 Nec
502 1456 617 1523 multum
643 1454 765 1532 opinioni
789 1469 869 1512 meae
893 1454 991 1512 obesae
1008 1452 1095 1532 putb,
1120 1455 1196 1534 qnod
1221 1451 1305 1536 apudl

204 1549 295 1608 Cicer.
310 1567 376 1628 epp.
391 1547 427 1607 ad
440 1548 478 1616 Q.
492 1545 528 1606 ir.
540 1553 572 1624 2,
588 1553 606 1607 3
625 1547 740 1631 legimus
754 1540 872 1605 Atticum
890 1547 1037 1624 aliquando
1056 1543 1170 1607 uxorem
1189 1549 1289 1606 duxisse

205 1637 278 1718 prid.
298 1641 338 1700 ld.
355 1643 438 1701 Febr.
460 1640 551 1700 Codd.
571 1659 633 1700 curn
653 1639 727 1718 apud
743 1638 873 1699 Ouidium
893 1639 1014 1701 babeant
1029 1643 1106 1699 litun
1123 1648 1216 1701 mmor
1232 1639 1305 1701 bunt

205 1732 410 1815 iinsi,.posset
435 1735 462 1793 id
489 1734 525 1793 ad
543 1735 616 1792 illius
635 1735 675 1794 rei
694 1733 898 1816 excusationem
923 1735 1063 1810 connati,
1087 1733 1136 1792 sed
1163 1737 1305 1818 argutius„

109 1843 110 1846 ’
206 1846 289 1905 quam
308 1828 374 1886 mihi
393 1829 493 1905 placet.
527 1826 597 1886 vtut
615 1837 667 1902 est,
686 1824 753 1884 illud
771 1825 894 1886 secundo
912 1827 974 1886 loco
992 1827 1056 1884 mibi
1073 1828 1210 1907 persuasi,
1228 1826 1288 1886 Oui·

205 1919 281 1978 dium
307 1921 363 1979 dun
387 1937 465 1979 sacra
492 1925 668 1979 natara'sua
686 1918 819 1976 simillima
839 1927 868 1978 et
893 1929 1018 1998 ternpore
1034 1919 1164 1999 contigua
1183 1922 1305 1980 comni-'

140 2071 142 2084 ,
173 2077 174 2084 .
205 2015 318 2076 senisse.
355 2012 479 2072 Alterum
497 2013 612 2080 fuerunt
629 2012 802 2082 Parentalia,
829 2014 959 2089 nolim
981 2013 1175 2092 appellationis
1198 2017 1253 2074 dios
1268 2021 1305 2072 cll

134 2159 138 2165 ,
206 2110 265 2166 inus
283 2107 346 2167 indo
364 2109 492 2168 aNamtn
511 2113 743 2183 copulatorum
759 2103 869 2178 inform
886 2106 1038 2176 itastitutcs,
1058 2116 1089 2166 ut
1107 2109 1145 2167 ait
1164 2107 1305 2168 Ausonius}

210 2202 300 2280 praef.
314 2202 443 2276 Parent.;
463 2219 519 2259 non
537 2200 619 2276 igitur
631 2197 770 2278 publicum
783 2189 904 2274 'norun
923 2199 972 2257 sed
986 2201 1131 2279 populare,
1150 2203 1289 2262 siFestun
1304 2179 1305 2272 i

209 2294 305 2352 audias
323 2315 353 2372 p.
364 2297 412 2366 ot,
432 2299 467 2353 13
486 2293 562 2368 Vra,
583 2311 639 2371 quo
658 2293 686 2349 iu
706 2293 1305 2376 lerntnntecanreoemendandurnFornn-l

211 2385 294 2461 cubo,
314 2389 493 2464 Patauiniin,
513 2405 548 2446 ne
566 2386 689 2456 Parilia,
709 2403 781 2463 quae
798 2385 871 2444 inter
887 2385 996 2463 publica
1014 2389 1099 2446 sacra
1110 2390 1139 2446 in
1157 2387 1234 2447 fastis
1250 2383 1305 2470 rel

211 2479 353 2554 sanctur,
365 2481 552 2564 ,popularibus
571 2487 784 2552 accenseantur,
803 2495 891 2556 quae,
912 2487 941 2535 nt
960 2477 1075 2538 Caristia
1094 2479 1247 2558 Ouidiana,
1269 2483 1305 2572 iu}

213 2573 321 2644 tabulis,
338 2572 477 2632 Madenna
497 2573 667 2651 praesertim,
686 2574 746 2630 iure
764 2568 948 2645 unianimo*
974 2572 1016 2628 Ea
1036 2573 1118 2649 igitur
1135 2574 1305 2650 Parentalia}

213 2665 259 2723 uix
279 2683 334 2724 uno
353 2665 398 2725 dic
416 2665 540 2739 delinita,
560 2682 622 2721 curn
640 2669 746 2740 tompus
764 2663 986 2724 Pumiuliorttm
1005 2666 1040 2722 sit
1057 2667 1092 2724 in·
1105 2671 1192 2727 uetari
1211 2668 1305 2748 lapidei

211 2757 288 2836 apud
306 2758 427 2838 Neapol.
444 2758 481 2817 ad
501 2757 585 2818 Ouid.
605 2763 635 2832 2,
655 2758 723 2832 537,
745 2777 762 2814 a
780 2758 875 2816 diebus
894 2756 1036 2833 feralibus,
1055 2759 1120 2818 atris
1138 2779 1173 2819 ao
1191 2757 1305 2822 nefastis

213 2854 241 2909 in
257 2852 352 2910 tabula
365 2851 506 2914 Mnfleaua
525 2861 650 2928 ternpore
663 2849 836 2926 dirimuntur,
856 2851 968 2928 quaudo
983 2852 1124 2912 Macrobio
1139 2865 1209 2915 teste
1226 2863 1252 2931 1,
1264 2845 1305 2920 163

215 2949 287 3004 oms
313 2945 405 3006 debus
429 2964 486 3005 nou
511 2945 587 3004 iinsit
611 2951 758 3022 pauniaco
784 2955 887 3002 cenam
915 2945 951 3002 nb
979 2963 1098 3006 causam.
1145 2949 1305 3018 Secundum,

216 3037 348 3100 Ouidium
368 3039 497 3096 uidentur
516 3038 646 3095 contiuuo
667 3037 765 3097 ordino
782 3036 840 3096 dies
858 3036 977 3112 ferales,
1002 3039 1061 3096 siue
1077 3039 1220 3100 iebruatos
1237 3059 1294 3100 con-

216 3133 342 3193 nexuisse
360 3151 422 3191 curn
440 3131 595 3204 Feralibus,
613 3127 641 3188 iu
661 3148 798 3191 marmore
815 3131 907 3190 littera
925 3131 949 3188 F
968 3132 1088 3208 signatis,
1107 3135 1172 3211 quia
1190 3151 1242 3193 neo
1258 3133 1305 3210 ie}

141 3215 150 3234 '
216 3226 292 3298 riae,
318 3243 369 3283 neo
394 3235 462 3296 ater,
479 3224 537 3282 dies
562 3232 671 3298 essem,
696 3223 794 3300 qulbus
819 3221 929 3302 publice
950 3225 1113 3304 quibusdam
1131 3211 1305 3304 parentatum}

217 3332 278 3376 esse
297 3315 422 3394 uidetur,
440 3316 544 3388 Bruto,
562 3316 634 3396 Lyd.
655 3317 715 3376 loco
734 3316 803 3392 ind,
823 3318 978 3392 Tarpeiae,
994 3317 1088 3392 Tatio,
1107 3318 1221 3396 Dionys.
1241 3319 1305 3398 Hal„

217 3415 248 3483 2,
267 3411 317 3483 40,
335 3409 384 3472 52.
421 3410 468 3470 Ne
491 3413 573 3486 igitur
591 3419 676 3488 poeta
694 3409 752 3468 dias
772 3409 893 3469 nefastos
917 3411 1031 3468 tabulae
1045 3409 1203 3471 Maffeanae
1221 3411 1305 3504 prae-3

218 3502 323 3560 teriisse
342 3511 464 3584 putetur,
482 3503 639 3582 poruninits
653 3503 710 3562 dies
728 3521 802 3562 uers.
816 3505 873 3562 5⁴8
891 3503 972 3562 iidem
992 3503 1155 3580 habeantur,
1174 3525 1242 3586 quos
1254 3505 1305 3580 se?

218 3593 292 3655 tulus
311 3593 379 3652 dixit
398 3600 428 3670 2,
449 3597 486 3654 34
505 3604 534 3654 et
551 3597 582 3668 ὅ,
601 3599 673 3671 483,
718 3595 929 3656 uemadmodum
949 3599 1036 3656 Trist.
1056 3603 1088 3672 3,
1105 3603 1135 3676 3,
1149 3603 1186 3658 31
1206 3597 1305 3674 fundu,

219 3705 272 3764 pro
286 3685 475 3765 panetius
493 3689 592 3765 posuit.
624 3689 740 3747 Feralia
760 3707 845 3764 uero,
870 3692 917 3766 qui
936 3701 978 3750 est
996 3692 1084 3749 omnis
1102 3694 1160 3752 eius
1179 3691 1305 3772 temporis*

220 3781 369 3855 tenninus,
393 3779 488 3858 utique
512 3779 579 3839 mihi
604 3779 713 3838 uidetur
736 3783 856 3841 iudicare
879 3803 905 3844 a.
926 3783 955 3841 d.
973 3785 1012 3841 tx
1030 3785 1094 3842 Kal.
1113 3785 1207 3855 Mart.x
1234 3779 1305 3860 Nanl

220 3887 283 3928 cum
303 3871 383 3932 codd.
405 3891 494 3950 aequa
514 3873 652 3950 utrimque
670 3877 833 3933 auctoritate
859 3876 1000 3934 discedant
1025 3879 1053 3936 in
1078 3880 1225 3957 scripturas
1243 3861 1305 3938 uut-¹

148 3974 153 3984 ’
219 3965 295 4022 mito
313 3971 411 4024 nocito
429 3963 487 4024 dies
504 3977 533 4025 et
551 3967 674 4030 camina
693 3975 789 4026 nonan
806 3967 900 4045 pedon,
927 3955 1050 4047 quarum*
1066 3971 1139 4028 illam
1165 3991 1243 4030 neruo
1260 3971 1305 4032 aa

129 4111 132 4118 l
220 4072 272 4116 nus
291 4073 352 4114 sese
370 4055 522 4136 intelligere
538 4059 656 4138 putabit,
676 4059 745 4118 baec
763 4061 877 4120 tabulae
888 4061 1049 4122 blaileabae'
1063 4074 1092 4122 et
1110 4063 1305 4125 lambecianae

221 4145 392 4218 adnascatur,
411 4154 568 4213 coniectura
586 4161 629 4212 est
645 4153 798 4236 prdnaenda
813 4151 849 4218 ab
865 4167 981 4240 utraque
999 4157 1134 4241 scriptula
1153 4177 1209 4218 nnn
1227 4160 1296 4232 louge

1304 4279 1305 4316 l

1304 4353 1305 4388 l
