2678 4668
534 272 703 362 rruurma'
1032 311 1158 364 cuxxur

58 469 123 532 ticio
140 465 217 550 quod
237 466 375 528 indicatur
388 469 417 542 1,
430 465 502 543 871,
521 465 586 556 uide
604 483 635 545 p.
645 481 717 526 cur.
751 455 910 524 Proximum
928 469 971 522 est
987 462 1056 524 rinus
1074 465 1159 527 sacri·

59 564 164 624 ficandi
191 561 319 621 indicium
348 561 376 619 iu
398 559 478 619 Pacis
503 557 578 620 seriis
599 566 627 636 l,
640 563 715 635 711,
740 557 854 633 frondea
871 558 1027 617 Actiacae..
1052 559 1159 629 Quam·
1218 627 1219 636 ¹

59 677 146 738 quam
173 661 208 716 ea
225 656 286 714 Pax
304 655 368 732 plus
390 655 484 731 uiginti
507 657 586 713 annis
609 663 673 732 post
691 654 798 712 Actiam
816 669 937 731 pugnam
960 650 1087 710 dedicata
1105 663 1159 729 est,

59 762 89 810 et
100 768 272 830 quamquam
287 749 391 808 Paulus
404 747 485 806 Diac.
500 765 528 827 p.
540 750 637 823 1,92,4
655 747 757 806 habeat
775 746 850 826 quod
866 746 1038 836 coniecturae
1049 745 1162 836 dotans

58 845 249 921 andregetur,
267 853 373 900 certum
393 849 485 899 tamen
505 851 547 900 est
565 842 673 900 laurum
691 839 916 917 intelligendam,
943 839 1022 897 cuius
1039 841 1127 898 maior
1143 855 1161 900 a

60 939 140 996 cultu
158 931 279 994 Palatini
296 933 430 1012 Apollinis
450 951 514 992 usus
532 934 596 1009 snit,
615 943 646 992 nt
664 934 784 992 conferri
800 934 888 1012 possit
903 931 979 1011 quod
997 929 1034 992 d'e
1052 934 1163 994 roboo-

60 1033 113 1092 aiis
142 1039 224 1088 notat
242 1028 357 1088 Seruius
384 1025 421 1086 ad
444 1028 497 1086 ecl.
516 1027 548 1102 4,
564 1033 613 1086 2ο.
660 1026 806 1086 Pertinent
830 1025 885 1085 buc
910 1043 983 1104 quae
1008 1026 1163 1088 doctissime
1260 1039 1262 1050 ’

61 1124 208 1184 annotauit
231 1122 281 1196 Fr.
300 1121 416 1180 laeobus
440 1119 477 1179 ad
500 1119 644 1180 Manilium
664 1125 749 1195 1,11
774 1119 975 1198 inscriptione
999 1119 1163 1181 solsolastiea

61 1221 142 1277 1880
159 1235 191 1294 p.
203 1217 237 1274 9:
262 1213 447 1276 somniabam
465 1216 562 1292 quippe
580 1215 702 1274 bominac
720 1219 747 1272 st
764 1213 887 1289 Aspona
901 1231 970 1272 naso
988 1221 1015 1272 ot
1032 1213 1083 1273 sub
1102 1217 1164 1275 Ns-

62 1312 176 1372 roniuni
195 1309 303 1387 imperii
319 1310 455 1386 principia
478 1302 542 1386 post
564 1305 674 1382 {initum
690 1306 811 1367 adnant
832 1303 975 1366 wunsam
993 1325 1108 1368 amount
1123 1307 1164 1367 11-

62 1403 122 1464 tom
141 1408 272 1476 oman,
290 1407 411 1460 numano
429 1399 504 1460 donn
519 1401 688 1478 turpissimo,
707 1407 868 1480 papatuum
884 1399 1043 1460 moralium
1060 1417 1164 1478 paeana

62 1515 173 1558 morum
185 1495 366 1564 bonoetntern,
379 1493 492 1572 deniquo
502 1494 661 1554 beatissimo
673 1493 799 1554 ermru
811 1495 870 1553 otiu
880 1525 928 1554 —.
949 1497 994 1554 Eu
1006 1496 1092 1571 igilur
1104 1511 1165 1572 por

63 1588 251 1670 Mullipotdu,
270 1605 354 1666 quom
373 1606 402 1648 u.
417 1607 460 1666 sq.
479 1587 602 1664 1891111111.
634 1589 708 1647 Nam
728 1588 891 1666 quantulum
908 1589 1040 1665 temporis
1057 1587 1166 1648 intersit

65 1684 141 1744 inter
157 1683 303 1744 Nasonem
321 1691 351 1742 et
368 1681 511 1740 Manilium
531 1681 640 1739 memini
659 1680 807 1759 aliquando
825 1699 871 1740 me
889 1679 1087 1742 demonstrare.
1121 1681 1167 1741 De
1235 1711 1239 1724 ·
1288 1683 1291 1698 ⁴

65 1777 200 1838 sacrificio
219 1775 296 1856 quod
315 1775 434 1834 traditur
451 1780 483 1849 2,
497 1776 544 1844 69,
559 1777 607 1849 70,
626 1773 736 1834 (inuersa
759 1773 879 1833 fortasse
901 1793 919 1832 a
941 1793 1020 1834 sacro
1039 1773 1166 1852 Helerni,
1197 1761 1203 1775 ’

65 1870 135 1932 nibd
152 1871 235 1951 potui
254 1868 397 1948 indagare.
422 1865 510 1927 Nonis
524 1869 608 1929 Febr.
619 1873 651 1942 2,
662 1869 718 1926 119
737 1868 803 1946 quid
823 1885 880 1926 non
899 1879 991 1927 actum
1010 1869 1055 1940 sit,
1070 1868 1166 1949 dispu·
1223 1881 1228 1896 “

64 1966 124 2026 tani
142 1986 173 2045 p.
184 1983 255 2024 uxr.
293 1964 408 2022 Faunus
433 1962 573 2041 quomodo
598 1963 688 2021 cultus
701 1964 747 2022 ‘sit
766 1962 854 2020 Nouis
872 1961 959 2022 Febr.
977 1969 1008 2038 2,
1022 1967 1090 2039 198,
1109 1981 1167 2024 non

65 2069 190 2119 commta
211 2059 248 2118 de
265 2057 353 2116 Nouis
366 2057 565 2118 Decembribus
584 2059 661 2118 testis
680 2067 723 2117 est
741 2057 871 2116 Horatius
890 2075 975 2119 carm.
994 2063 1084 2129 8,18.
1111 2059 1167 2118 Se·
1227 2047 1231 2058 ’

67 2163 194 2233 quantur
211 2152 396 2246 Lupercalia?
414 2150 451 2211 de
469 2171 587 2230 quorum
605 2154 701 2211 ritibus
721 2169 756 2211 ea
778 2150 841 2211 fere
858 2151 943 2211 babet
961 2134 1046 2230 poeta
1063 2157 1093 2224 2,
1108 2149 1181 2240 266Ι

65 2267 140 2327 sqq„
169 2264 245 2325 quae
271 2246 382 2306 aliunde
408 2254 437 2306 et
461 2246 546 2323 uulgo
569 2251 640 2304 nota
661 2255 739 2304 sunta
767 2245 831 2303 uide
854 2263 922 2324 ergo
942 2245 1116 2325 Hartungum
1135 2253 1166 2327 2,

65 2359 95 2420 p.
108 2343 176 2400 179.
207 2339 300 2398 Vnum
314 2340 537 2419 praetermissum
552 2347 604 2413 est,
624 2338 660 2396 de
678 2359 734 2417 quo
754 2339 869 2417 posthac
887 2349 1052 2418 exponetur,
1072 2343 1167 2422 luper-

65 2453 161 2494 corum
181 2433 314 2493 luliarum
335 2442 365 2490 ut
383 2432 463 2492 fieret
481 2433 593 2496 mentio.
620 2432 745 2490 Marinus
764 2432 875 2510 quidam
893 2435 953 2517 siue
965 2435 1105 2495 Marianus
1123 2436 1167 2495 lu-

65 2525 254 2606 percaliorum
266 2539 353 2605 poeta
369 2535 399 2587 et
417 2544 513 2585 uersus
532 2525 590 2583 eius
609 2525 718 2583 iambici
735 2547 753 2584 a
771 2527 871 2587 Seruio
891 2537 920 2588 et
937 2529 1109 2608 Philarpgrio
1130 2529 1167 2589 ad

65 2623 119 2679 ecl.
140 2625 170 2694 1,
184 2623 225 2676 20
243 2621 420 2679 adhibentur.
458 2620 490 2680 ln
510 2635 593 2676 uersu
611 2616 751 2679 Ouidiano
773 2625 833 2680 274
855 2623 987 2682 audacter
1007 2641 1052 2681 me
1068 2622 1168 2696 iecisse

64 2712 158 2773 Fateor
176 2711 256 2792 quod
274 2714 459 2771 coniecturam
473 2713 583 2791 recepi:
602 2715 700 2772 nititur
716 2715 763 2773 illa
782 2725 874 2776 tamen
893 2718 921 2775 in
937 2717 1058 2776 omnium
1072 2735 1167 2777 emen·

65 2805 273 2866 durissimorum
292 2805 418 2866 codicum
443 2808 597 2885 scriptura,
622 2808 649 2864 in
668 2807 822 2868 Pausaniae
842 2811 996 2869 testimonio
1015 2814 1045 2885 8,
1059 2814 1112 2886 16,
1138 2814 1168 2871 in

64 2899 203 2960 eiusmodi
221 2900 364 2958 nominum
389 2900 551 2959 uariatione.
590 2899 719 2970 Namlde
736 2901 851 2980 Megara
877 2915 906 2962 et
923 2900 1043 2981 Megaris
1062 2923 1106 2964 res
1126 2914 1169 2964 est

65 2995 227 3052 notissima:
254 2993 383 3064 Himera,
402 3004 462 3054 non
479 2995 620 3052 Himeram
639 3004 782 3074 nuncupat
801 2995 918 3056 Ouidius
936 3000 966 3072 4,
981 2994 1049 3070 476,
1069 3003 1098 3055 et
1116 3016 1170 3058 eo-

63 3087 132 3148 dem
158 3105 244 3146 uersu
269 3087 468 3146 Tauromeneu
494 3085 645 3148 secundum
673 3088 795 3154 codicem
823 3089 879 3148 tide
906 3089 1091 3166 dignissimum
1114 3109 1169 3169 pro
1209 3113 1212 3118 ·
1264 3078 1268 3084 ⁴

65 3179 273 3255 Tauromenio,
292 3178 391 3239 Piraea
404 3182 505 3260 plurali
518 3199 634 3240 numero
647 3180 678 3256 4,
689 3183 760 3241 6631
779 3172 926 3257 Πελλήνη
939 3181 1077 3240 Laconica
1093 3184 1168 3258 urbs,

64 3273 125 3334 nid.
145 3272 314 3344 Schneider.
332 3272 369 3332 ad
388 3274 461 3335 Xen.
480 3275 546 3335 bell.
565 3277 595 3349 7,
608 3276 637 3349 6,
650 3277 679 3346 9,
698 3273 774 3353 apud
793 3273 960 3334 Strabonem
978 3278 1009 3350 8,
1022 3279 1052 3351 7,
1071 3296 1101 3356 p.
1111 3280 1169 3335 224

63 3377 110 3427 est
128 3363 170 3427 ‘coi
189 3361 347 3426 Πέλλανα.
385 3367 429 3426 Ad
453 3386 563 3428 uersum
583 3367 677 3428 Ouidii
695 3374 726 3444 2,
743 3357 800 3426 296
820 3368 931 3446 ascripsi
951 3389 1033 3447 quem
1049 3369 1170 3430 imitatus

63 3473 109 3521 est
129 3462 158 3520 iu
181 3477 254 3520 uoce
271 3457 400 3534 frondm,
426 3461 504 3540 Virg.
523 3463 591 3521 Aen.
611 3464 641 3535 8,
655 3466 724 3540 818,
749 3469 778 3522 et
796 3464 844 3540 qui
862 3461 949 3522 simile
967 3463 1034 3522 dixit
1051 3463 1170 3524 Dionem

63 3557 147 3618 Cass.
166 3558 217 3630 62,
236 3554 272 3612 6ε
300 3553 361 3612 πᾶν
380 3550 415 3612 δὲ
434 3547 561 3633 δένδρον
580 3547 678 3613 niniae
704 3557 813 3614 minora
839 3557 947 3615 abiicio.
986 3557 1170 3626 Quirinalium

63 3651 246 3712 ccrhoniam
266 3648 404 3726 publicam
425 3649 529 3707 nullam
548 3649 632 3707 tradit
651 3645 768 3710 Ouidius
786 3655 815 3725 2,
827 3649 1010 3726 tra-510,
1030 3669 1082 3710 nec
1100 3653 1172 3710 mul·

63 3751 127 3801 turn
145 3741 287 3819 estquod
306 3741 381 3818 apud
400 3741 515 3800 Festum
534 3761 563 3820 p.
573 3745 642 3816 217,
657 3747 693 3799 13
714 3741 786 3800 tradi
805 3743 930 3805 uidetur.
962 3745 1065 3805 Versus
1079 3743 1172 3805 ouidii

64 3841 97 3911 2,
110 3837 171 3894 291
194 3853 258 3892 cum
278 3832 315 3890 de
333 3835 398 3892 solis
418 3833 574 3894 desectione
592 3854 648 3894 nou
669 3834 796 3894 uideatur
814 3855 907 3914 agere,
927 3857 982 3896 non
1003 3849 1066 3914 eget
1080 3837 1172 3896 Scali-
1251 3913 1254 3916 Ι

65 3929 127 4003 geri
145 3926 311 3985 defensione
331 3921 367 3984 de
386 3928 496 3986 emend.
516 3938 602 4009 temp.
623 3929 643 3987 l.
658 3929 688 4002 5,
707 3947 736 4008 p.
746 3931 818 3988 auo:
836 3932 911 3988 solus
927 3932 1103 4008 Augustinus,
1121 3930 1171 3989 sed

65 4019 88 4075 is
109 4015 197 4076 ualde
215 4018 332 4078 ridicula
352 4039 414 4080 cum
439 4023 676 4098 argumentatione
695 4022 775 4080 dec.
795 4023 824 4085 d.
844 4027 925 4098 8,14
943 4025 1123 4102 plenilunium
1143 4034 1173 4082 et
1253 4081 1258 4089 ,

65 4111 133 4168 sol'u
152 4109 295 4169 delectum
319 4113 399 4172 simul
423 4113 508 4172 fuisse
534 4115 658 4175 credidit.
696 4116 741 4175 De
760 4115 905 4173 Feralibus
924 4135 998 4194 quae
1020 4127 1173 4196 sequuntur

66 4204 172 4280 ²,567
191 4213 256 4282 post
272 4224 360 4286 supra
378 4206 452 4268 dicta
470 4207 537 4268 nibil
553 4218 640 4270 restat
651 4207 840 4270 annotandum
859 4217 971 4288 praeter
990 4208 1172 4287 etymologiae
1292 4233 1296 4244 ·
