2678 4668
209 251 280 307 cxli
687 247 845 298 tauronto

206 402 399 476 simoniaci,
423 400 564 466 confertur
587 419 650 460 com
675 402 813 464 sententia
832 403 982 483 Varronis,
1010 426 1095 488 quam
1120 409 1177 470 ulio
1197 411 1254 472 loss
1270 413 1300 474 ds

97 473 109 542 ,⁸
204 496 381 575 agapibus
399 496 512 576 loqueos
529 496 639 555 dixerit.
676 496 782 564 Quaeri
800 505 910 576 potest,
936 519 1002 558 num
1020 503 1038 560 ii
1058 504 1111 562 loci
1130 503 1232 564 diuersi
1250 506 1299 566 hu·

205 594 250 652 ins
268 592 354 670 ipsius
373 591 435 648 libri
454 589 568 665 lberint,
590 607 627 648 aa
647 589 731 646 totius
750 593 885 666 corporis,
905 594 1137 668 quemadmodum
1157 599 1300 660 manifesto

203 687 237 768 ιι,
256 689 286 760 o,
306 701 379 763 quae
397 683 526 741 dicuutur
544 683 580 740 ab
599 682 766 759 Augustino:
796 686 836 741 nt
854 690 945 764 ιοιιιιιι
965 685 1022 746 olio
1041 687 1102 762 loco
1118 687 1187 750 dicit
1205 691 1238 752 ds
1253 711 1300 770 ps-

202 777 393 839 starotinuibsrs
410 777 522 854 duorum
539 785 624 852 onst,
649 777 790 854 pertinent
815 774 852 836 ad
876 777 976 837 librum
1002 782 1300 860 quartumdecimum,

202 875 251 933 uel
269 883 377 932 sextum
395 871 542 942 decimum,
561 878 591 928 et
608 870 636 928 in
655 879 796 948 postremo
814 871 884 930 libro
902 872 1001 932 iterum
1014 875 1169 936 Varronem
1189 877 1302 954 physica

14 947 15 950 Ἴ
131 996 133 998 v
202 965 364 1025 disseruisse
381 973 487 1023 certum
514 973 557 1022 est
581 964 1033 1043 exhug.7‚17;audcnique
1057 967 1092 1024 ad
1116 971 1192 1030 aliud
1217 991 1300 1050 opus,

129 1054 133 1062 ’
200 1059 318 1122 forsitan
344 1058 443 1118 librsssn
468 1057 501 1116 dc
525 1057 601 1115 multu
625 1055 752 1130 domm,
778 1075 860 1134 quem
884 1059 946 1134 ipse
966 1061 1132 1136 Augustinus
1156 1065 1300 1141 aliquoties

200 1154 336 1227 nominat,
356 1151 419 1212 uide
437 1169 512 1230 quae
531 1159 663 1210 notantur
680 1151 709 1208 in
728 1149 773 1208 ed.
788 1150 891 1211 Dnrdr.
912 1170 942 1229 p.
953 1152 1002 1227 50,
1012 1155 1060 1212 51.
1099 1155 1209 1216 Tamen
1229 1157 1301 1216 hanc

198 1250 291 1325 ¹ipsam
304 1246 518 1324 appellationem
536 1241 622 1302 fuisse
640 1243 754 1302 inditam
769 1245 859 1322 primo
874 1245 937 1303 huic
949 1263 1042 1304 rerrrm
1054 1245 1209 1310 diuinarum
1229 1253 1301 1310 libro

107 1356 110 1366 ¹
199 1341 358 1398 coniectura
376 1338 467 1411 foret,
491 1337 536 1396 cui
555 1355 610 1394 uon
629 1337 746 1394 multum
766 1338 858 1396 obstat
876 1338 952 1416 apud
971 1342 1170 1417 Augusteum,
1195 1353 1226 1404 et
1243 1363 1300 1422 pa-

199 1433 372 1518 momorantur
390 1431 477 1488 multa
496 1431 531 1488 ab
551 1430 610 1488 aliis
630 1429 667 1488 de
685 1431 817 1489 eiusmodi
844 1433 985 1490 titulorum
1011 1432 1120 1494 licentia
1139 1437 1301 1516 obseruata,

197 1537 231 1586 ιιι
248 1527 287 1586 illi
306 1543 418 1605 quoque
436 1525 555 1582 sortasse
579 1524 633 1582 loci
657 1524 856 1585 transcribendi
880 1524 1006 1585 fuissem.
1044 1525 1202 1590 Potuisseut
1219 1541 1300 1594 certe

196 1621 304 1682 minuta
322 1621 409 1678 multa
428 1619 482 1676 alia
500 1635 536 1676 ex
554 1619 704 1694 hugmtino
726 1619 835 1728 colligi,
860 1635 934 1696 qpae
952 1617 993 1678 ad
1014 1639 1149 1682 summam
1168 1633 1198 1684 ct
1216 1634 1300 1686 teno-

196 1733 257 1775 rem
275 1713 465 1791 disputationis
484 1710 705 1790 cognoscendum
723 1711 812 1770 minus
829 1709 998 1772 faciunt.

274 1809 361 1866 Huius
380 1807 571 1885 disputationis
594 1807 724 1884 primaria
747 1823 812 1882 pars
838 1823 894 1863 non
913 1803 1024 1882 dubito,
1047 1807 1120 1886 quin
1136 1808 1184 1868 illa
1201 1765 1301 1888 luerit,

195 1901 255 1960 ubi
264 1903 301 1962 de
320 1901 438 1960 naturali
464 1899 579 1959 deorum
597 1899 833 1976 interpretatione
851 1883 951 1958 Scurio
977 1909 1048 1960 teste
1065 1901 1238 1978 οιαιιιιίιιιι,
1265 1917 1300 1964 ιιι

174 1998 315 2055 'autem
307 2015 367 2076 ipse
385 1995 484 2078 dixisse
503 1991 613 2052 uidetur
629 1994 812 2069 ροοοιιιίιιιο,
832 1990 888 2050 uid.
909 2001 1026 2071 August.
1046 1999 1074 2065 7,
1085 1995 1124 2071 b,
1135 1999 1300 2076 ,praelocu-

194 2099 239 2149 tus
259 2099 312 2151 est.
350 2092 431 2148 Hanc
456 2090 492 2146 ab
515 2088 576 2164 ipso
602 2085 717 2144 indicari
736 2086 880 2161 existimo,
906 2106 968 2146 cum
987 2089 1062 2166 apud
1082 2090 1248 2150 Ciceronem
1268 2094 1300 2152 in

192 2187 385 2262 antiquitatum
404 2183 550 2262 prooemiis
565 2181 658 2238 multa
670 2198 688 2238 a
699 2198 735 2238 'se
751 2178 941 2256 philosophice
960 2181 1034 2241 dicta
1052 2182 1184 2242 affirmet.
1215 2186 1301 2246 lianc

191 2277 312 2354 denique
331 2295 441 2334 causam
461 2275 546 2334 fuisse
565 2276 707 2350 existimo,
727 2293 777 2331 cur
797 2272 895 2332 Cicero
914 2277 950 2332 ab
969 2293 1003 2334 eo
1022 2277 1150 2334 Antiochi
1169 2277 1301 2355 philoso-

190 2370 285 2448 phiam
305 2371 420 2447 probari
437 2367 644 2443 existimauerit,
663 2365 800 2444 huiusque
817 2379 912 2445 partes
931 2371 959 2426 in
979 2369 1143 2428 academicis
1162 2372 1187 2429 ei
1207 2382 1299 2432 tuen-

191 2462 242 2521 das
261 2461 380 2522 dederit.
414 2463 525 2520 Stoicus
544 2461 721 2536 caeteroquin
739 2459 793 2518 fuit
808 2461 910 2536 Varro,
931 2455 1047 2520 nisi‘ubi
1066 2463 1192 2538 cynicum
1211 2483 1301 2524 secu-

85 2564 89 2572 “
117 2586 122 2596 s
189 2565 235 2614 tus
253 2563 306 2629 est,
325 2557 486 2633 praesertim
505 2574 568 2613 cum
587 2555 671 2612 libros
689 2553 796 2614 dell.
815 2557 959 2631 scriberet,
979 2555 1044 2614 uide
1056 2545 1187 2615 Mueller.
1197 2559 1299 2637 praef.

87 2667 91 2680 ¹
188 2665 218 2727 p.
230 2665 264 2723 v,
277 2665 328 2723 ιη
352 2648 402 2708 sed
420 2647 565 2707 uidebatur
584 2647 727 2721 Ciceroni,
753 2665 806 2706 nec
824 2649 938 2724 iniuria,
963 2649 1000 2707 ad
1019 2649 1189 2708 academiam
1207 2651 1302 2712 incli-

186 2757 267 2815 nare,
284 2741 349 2816 quia
362 2740 462 2800 Seruio
476 2747 547 2800 teste
562 2741 710 2798 stoicorum
722 2741 829 2818 placitis
845 2743 989 2802 admiscuit
1000 2741 1155 2802 Platonica.
1181 2745 1303 2814 Quem·

187 2831 336 2916 admodum
355 2836 385 2894 in
408 2835 601 2922 fragmentoi
626 2835 745 2912 primum
768 2855 876 2895 comma
904 2846 947 2894 est
968 2837 1103 2916 stoicum,
1129 2838 1304 2918 explicatio,

98 2979 99 2984 ,
185 2947 259 3007 quae
277 2930 411 3006 sequitur,
431 2927 567 2986 simillima
585 2927 736 2988 Platonicis
755 2930 783 2989 in
802 2929 960 3009 epiuomide
978 2950 1007 3008 p.
1023 2933 1093 3005 981,
1113 2931 1160 2994 ubi
1179 2929 1218 2991 de
1237 2933 1303 2993 du-

184 3024 250 3101 plici
268 3031 371 3101 genere
389 3041 537 3102 corporum
555 3023 700 3082 suuminc
718 3011 812 3082 diuino
831 3043 887 3082 uon
906 3023 1004 3082 eodem
1023 3022 1107 3080 modo
1127 3022 1305 3104 aillatomm

184 3115 316 3194 disputat
353 3119 392 3178 Et
410 3129 503 3178 tamen
520 3133 598 3176 mera
616 3117 702 3176 stoica
720 3116 767 3174 illa
785 3125 860 3192 sunt,
880 3133 953 3194 qnae
969 3116 1135 3191 Augustinus
1154 3120 1184 3189 7,
1196 3125 1234 3178 23
1260 3141 1304 3182 ex

121 3283 125 3292 1
183 3207 255 3266 libro
274 3211 369 3272 ultimo
384 3232 439 3274 rer.
452 3213 509 3271 diu.
522 3212 674 3290 excerpsit,
694 3209 792 3268 confer
805 3211 889 3288 plane
904 3209 1013 3287 gemina
1028 3208 1098 3268 haec
1112 3211 1190 3290 apud
1204 3213 1306 3294 Diog.

181 3297 280 3360 Laert.
299 3303 346 3363 lib.
366 3308 446 3385 ap.
463 3306 523 3364 522
540 3305 586 3366 ed.
607 3305 672 3363 Cas.
693 3305 784 3362 1616ι
814 3295 895 3373 ι1ς“
876 3321 959 3362 οιτον
984 3293 1080 3360 αυτοῦ
1099 3297 1197 3380 μέρος
1216 3301 1306 3385 διή-

181 3409 291 3463 κοντος
309 3396 365 3455 τοῦ
383 3401 452 3474 νοῦ,
476 3392 620 3510 καθάπερ
644 3387 698 3508 ἐφτ
720 3385 808 3473 ἡμῶν
833 3395 896 3507 τῆς
907 3395 1031 3472 ψυχῆς,
1058 3389 1131 3454 ἀλλ’
1154 3389 1218 3476 ἤδη
1243 3395 1304 3462 δι’

180 3470 224 3546 ὧν
242 3482 299 3563 μὲν
316 3489 452 3566 μᾶλλον,
478 3484 523 3548 δι’
550 3473 592 3551 ὧν
612 3474 693 3550 δὲ
672 3507 774 3568 ητιον.
805 3473 896 3547 δι’
871 3508 913 3549 ur
937 3483 1072 3602 μὲνγὰρ
1093 3479 1133 3560 ὦς
1151 3484 1216 3562 ἵξις
1236 3515 1308 3556 κε-

177 3570 333 3659 χώρηκειι,
353 3601 395 3654 ως
414 3575 468 3642 διὰ
486 3581 547 3642 τῶν
568 3577 649 3664 deriso
662 3580 718 3643 καὶ
738 3584 798 3643 τῶν
815 3601 946 3660 oropus,
966 3567 1056 3642 ds*
1033 3603 1075 3644 ων
1093 3575 1172 3642 dd‘
1148 3602 1193 3655 ως
1210 3591 1311 3664 νοῗς

179 3669 233 3734 deni
253 3675 308 3734 roi
333 3667 524 3755 ἡγεμονικοῦ.
554 3675 605 3736 aul
627 3671 701 3736 ὅλον
726 3670 788 3736 τὸν.
805 3671 925 3753 κόσμον
950 3669 1070 3750 ζωοι”
1052 3695 1128 3736 οντα
1147 3675 1202 3738 και
1229 3673 1310 3760 ἔμ-

82 3763 85 3776 ’
176 3778 281 3842 ψοχοι
299 3765 350 3828 καὶ
367 3759 533 3848 ioysxdust
523 3760 792 3848 ι’χεινῆγεμονιιιὸιι
806 3765 861 3830 τὸν
877 3765 952 3828 atti
951 3789 1056 3846 pa-.
1078 3770 1154 3840 Quid
1173 3774 1312 3840 intersit

175 3861 249 3920 inter
267 3871 386 3941 utraque
405 3864 579 3938 discriminis,
598 3865 690 3922 licebit
708 3864 955 3924 animaduertere
947 3883 975 3921 ru
994 3882 1037 3939 re,
1057 3881 1129 3942 quae
1148 3867 1185 3923 sb
1204 3863 1312 3930 Oui-

173 3953 221 4013 dio
240 3971 297 4013 non
316 3967 359 4017 est
377 3958 495 4016 aliena.
516 3959 545 4016 ιι
562 3956 608 4017 ubi
627 3957 695 4014 dixit
714 3962 743 4033 3,
765 3962 838 4017 1112
1047 4009 1050 4014 .

371 4049 476 4112 Libero
494 4049 637 4108 ιιιιιιιιιιιιι
655 4057 683 4108 ot
699 4049 878 4110 inobscurato
895 4068 944 4128 por
962 4067 1066 4110 οιιιιιιιιι
1153 4117 1158 4122 .

410 4141 523 4216 dirimo,
541 4143 686 4206 constabat
703 4143 752 4204 ssd
769 4151 861 4204 tomas
880 4163 938 4206 csso
956 4125 1030 4215 dous,
