2678 4668
116 286 121 294 '
188 277 289 361 cuitu
506 307 602 357 vaan.
624 309 689 359 nun.
702 309 761 358 νιιι
791 289 838 358 ιιι
860 307 964 359 renus

122 483 125 488 ·
187 463 254 526 mibi
276 461 345 522 aut
363 457 499 520 brucbiua
515 461 616 537 7,22ι
647 461 768 539 lbibsti,
793 465 937 540 aptant,
960 464 1047 523 suntsi
1064 457 1159 539 scrofa
1178 465 1282 528 uasa

186 554 902 632 mmcfsna‚-aecuattaaproudae
925 563 1007 634 utque
1030 557 1281 631 {mnibono-

186 649 459 725 tstufoeattaditstlis
480 649 1080 732 ipsiosf-atquodiblbtseslmolsr,
1106 647 1329 710 cananaea

184 743 314 825 prouidit
331 742 490 822 accipiendo
507 750 549 802 sut
565 739 671 818 ιασρι,
690 742 763 802 adde
781 735 909 822 quae'de
926 743 1024 804 Numa
1039 743 1157 804 Ouidius
1176 743 1281 817 babet3
1328 765 1329 772 ¹

185 839 237 901 sed
255 847 346 898 maren
365 839 389 895 si
406 838 481 896 forte
498 835 544 896 ille
562 839 622 896 dies
642 836 762 896 {baucis
777 836 885 896 muts
898 837 1012 897 babitus
1029 848 1083 913 est,
1101 835 1160 896 nid.
1174 837 1282 895 Arnob.

186 937 217 1012 7,
232 939 281 1008 32,
301 941 332 991 ut
350 931 541 1010 Quinquatrus
556 929 708 1008 Mineruae,
729 929 826 990 aedem
843 931 964 990 Telluris
982 933 1100 1010 primam
1118 931 1283 1009 paulopost

186 1028 240 1108 Sp.
259 1027 348 1086 Cassii
373 1024 633 1083 condemnationem
656 1024 760 1084 factam
784 1023 900 1084 tradunt
923 1025 1069 1102 Dionysius
1098 1025 1161 1083 Hal.
1181 1028 1213 1098 8,
1231 1025 1281 1100 79,

185 1121 281 1182 Maler.
300 1119 376 1178 Max.
395 1120 476 1193 6,.3,
494 1123 525 1176 2.
571 1117 712 1176 Liberalia
736 1135 804 1176 uero
829 1127 859 1177 et
883 1119 1010 1178 Cerealia
1038 1118 1196 1178 introducta
1222 1136 1282 1178 esse

184 1223 252 1298 post
268 1209 371 1291 templa
389 1211 482 1270 Liberi
500 1220 531 1270 et
548 1211 659 1272 Cereris
678 1229 696 1270 a
714 1211 864 1272 Postumio
875 1229 949 1270 anno
968 1213 1005 1271 V.
1024 1213 1059 1272 C.
1079 1215 1139 1270 260
1155 1211 1285 1290 dedicata

185 1307 296 1366 uidear
313 1305 496 1382 assignificare
514 1303 659 1380 Dionysius
678 1308 775 1377 6,17ι
803 1295 925 1383 ἀγῶνάς
950 1323 983 1364 ιε
1007 1301 1058 1364 καὶ
1083 1301 1199 1376 θυσίας
1217 1309 1283 1376 τοῖς

184 1399 274 1469 θεαῖς
292 1391 354 1458 dari
374 1387 600 1475 τετταράκοντα
615 1391 774 1458 ταλάντων
793 1393 900 1474 inulas,
918 1395 969 1457 xci
988 1399 1070 1459 ναῶν
1089 1394 1282 1471 κατασκευὰς

184 1487 374 1570 displodetur
399 1483 545 1569 Δήμητρι
572 1487 623 1550 καὶ
646 1483 791 1572 Διονύσῳ
818 1489 874 1550 uui
895 1487 986 1572 Κόρῃ
1013 1485 1084 1552 κατ’
1111 1487 1215 1570 εὐχήν.
1243 1524 1282 1540 -
1328 1549 1329 1552 ,

184 1579 279 1662 εὐχὰς
290 1619 329 1635 -
343 1577 509 1663 ἐποιήσατο
522 1621 561 1632 -
580 1577 675 1656 ναούς
692 1605 726 1647 ιε
744 1579 851 1657 αὐτοῖς
869 1579 1118 1666 καθιδρύσεσθαι
1137 1584 1190 1646 καὶ
1209 1587 1282 1647 du&

184 1677 269 1751 σίας
286 1672 518 1756 καιαςήσισθαι
538 1673 629 1741 καθ’
651 1674 789 1752 iaceas
809 1672 1005 1740 ἐνιαυτόν,
1035 1681 1135 1740 Furiae
1153 1684 1282 1762 publicae
1328 1717 1329 1768 3

182 1786 330 1855 praeterea
349 1775 385 1833 ad
404 1775 570 1853 templorum
589 1776 713 1854 publicas
733 1774 920 1834 dedicationes
939 1774 1098 1834 referuntur
1119 1778 1155 1834 ab
1176 1775 1281 1836 Ouidio
1328 1791 1329 1864 j

183 1868 370 1927 Carmentalia
390 1875 419 1944 1,
433 1871 489 1926 461
511 1869 574 1927 coll.
594 1871 664 1943 463,
692 1868 850 1938 ¹Quirinalia
867 1873 898 1943 2,
910 1868 980 1943 607,
995 1871 1064 1943 608,
1088 1871 1282 1949 Quinquatrus
1328 1923 1329 1936 ,

181 1965 214 2036 3,
228 1963 296 2035 837,
309 1964 377 2038 838,
397 1963 460 2022 coll.
481 1963 556 2021 Fest.
576 1982 606 2041 p.
620 1967 686 2034 257,
699 1966 718 2020 7
730 1963 795 2035 sin,
815 1962 938 2020 Vestalia
958 1965 988 2038 6,
1001 1962 1098 2020 257-
1107 1966 1156 2037 00,
1176 1964 1281 2022 Matra·
1328 1981 1329 2016 ι

115 2065 121 2072 '
181 2052 220 2115 lta
239 2058 269 2131 6,
285 2059 343 2118 479
356 2075 411 2134 sq,
439 2075 456 2116 ιι
485 2055 610 2115 Varrone
634 2056 752 2114 fortasse
770 2055 928 2113 Saturnalia
952 2073 1038 2135 supra
1062 2057 1110 2115 lib.
1128 2075 1177 2131 vr,
1196 2057 1234 2117 fr.
1251 2061 1282 2132 7,
1328 2093 1329 2126 1

182 2157 259 2208 certe
276 2147 437 2208 Portunalia
457 2160 485 2208 et
504 2148 616 2208 Vinalia
636 2151 736 2208 metica
755 2147 791 2206 de
809 2149 830 2206 l.
846 2151 866 2207 l.
885 2151 1032 2220 6,10,20.
1072 2149 1177 2207 Earum
1195 2148 1281 2208 feria·
1328 2161 1329 2216 l

182 2259 256 2316 rum,
275 2261 348 2320 quae
362 2253 477 2319 restant,
497 2245 568 2302 aliae
585 2246 647 2323 ipso
663 2243 773 2300 nomine
789 2241 919 2316 indicant,
938 2244 982 2300 coi
1000 2241 1052 2300 deo
1072 2243 1199 2320 agendae
1216 2243 1281 2302 fue-
1328 2219 1329 2306 l

175 2313 254 2411 'rina
275 2339 352 2395 uelut
370 2337 554 2416 Lupercalia,
574 2337 761 2412 Terminalia,
779 2335 897 2411 Parilia,
916 2337 1078 2412 Robigalia,
1097 2336 1281 2414 Neptunalia,

181 2428 356 2504 Furriuafia,
377 2431 543 2507 Consualia,
562 2431 739 2504 Vulcanalia,
759 2429 953 2508 Opiconsiuia‚
973 2429 1162 2505 Voltumalia,
1182 2429 1282 2488 Fonti-
1328 2465 1329 2502 ι

181 2521 273 2597 natta,
293 2521 414 2600 Opalia,
435 2523 612 2598 Larentalia,
631 2541 749 2602 quorum
773 2533 866 2581 tamen
891 2525 1033 2580 numinum
1052 2523 1157 2601 aliquot
1177 2541 1214 2582 ae
1233 2541 1282 2582 sa·
1328 2515 1329 2606 l

180 2613 253 2672 uella
267 2615 377 2694 quidem
396 2615 524 2676 babuisse
538 2615 681 2675 uidentur:
701 2618 773 2674 aliae
793 2618 957 2674 uetustiores
976 2617 1069 2692 etiam,
1089 2617 1135 2674 uel
1153 2617 1282 2677 dancmar
1328 2623 1329 2682 i

180 2707 296 2785 originis
312 2725 374 2768 esse
392 2719 547 2788 apparent,
574 2708 612 2768 de
631 2729 747 2788 quarum
766 2710 919 2787 significatu
936 2711 1073 2768 maximae
1090 2710 1205 2768 fuerunt
1226 2713 1282 2770 dis·
1328 2705 1329 2716 ’

180 2801 329 2862 sandonus.
369 2804 455 2863 Velut
474 2803 594 2864 Ouidius
613 2801 679 2863 bina
698 2804 831 2882 Agonalia
850 2805 876 2862 V
894 2802 935 2863 ld.
955 2801 1014 2862 lan.
1034 2813 1064 2862 et
1080 2803 1133 2861 Xll
1152 2805 1199 2863 ΚΡ
1217 2806 1281 2865 lun.
1328 2827 1329 2854 ι

181 2903 231 2954 aut
248 2897 307 2955 lani
328 2915 388 2956 esse
407 2897 473 2956 dicit
493 2905 521 2974 1,
537 2900 610 2973 3173
629 2899 660 2974 6,
676 2900 745 2974 721,
764 2905 813 2956 aut
831 2907 906 2957 certe
925 2915 982 2956 nou
1000 2897 1106 2955 monuit
1126 2886 1282 2976 posteriora
1328 2889 1329 2948 l

179 3007 241 3050 ense
262 2991 405 3068 Vedionis,
425 3001 510 3071 prout
527 2989 592 3050 fasti
611 2993 716 3051 Venus.
736 2991 848 3052 liabent.
888 2991 987 3050 Tertia
1005 2991 1041 3049 lll
1060 2991 1101 3049 ld.
1118 2991 1189 3053 Dec.
1209 3011 1282 3071 quo·

179 3084 253 3142 uiam
268 3085 418 3144 Muellerus
437 3085 474 3144 ad
490 3086 566 3145 Fest.
586 3103 618 3164 p.-
633 3088 691 3144 340
709 3083 813 3162 effecit,
827 3103 869 3144 ne
888 3103 941 3163 pro
953 3085 1138 3162 Septimontio
1157 3083 1281 3144 babean-
1328 3089 1329 3146 l

178 3187 237 3253 tur,
256 3179 407 3238 cuiusmodi
425 3179 541 3254 fuerint,
559 3180 644 3256 plane
667 3179 835 3257 ignoramus.
874 3178 919 3236 De
938 3178 1108 3235 'rutulustrto
1128 3177 1220 3254 primo
1239 3177 1282 3237 di·
1328 3149 1329 3222 Ῐ

98 3349 101 3358 Ι
180 3279 255 3345 ctum
283 3285 325 3332 est
347 3291 432 3352 supra
458 3293 486 3352 p.
499 3289 588 3331 xum:
617 3273 653 3331 de
680 3275 802 3350 utrisque
828 3272 892 3330 uide
918 3272 1030 3330 Festum
1049 3291 1079 3348 p.
1090 3271 1157 3346 362,
1171 3277 1211 3330 21
1227 3274 1280 3331 sin.

179 3363 224 3422 De
248 3366 390 3425 vinalibus
416 3370 570 3444 expositum
596 3378 639 3425 est
665 3385 695 3444 p.
710 3385 794 3424 xuvr
808 3386 861 3446 sq,
887 3365 924 3426 de
950 3365 1142 3424 Lemuralibus
1168 3378 1282 3444 praeter

179 3455 316 3518 Ouidiana
342 3481 396 3518 non
424 3463 539 3520 multum
566 3469 662 3517 notum
688 3471 747 3530 est,
776 3459 840 3519 uide
863 3469 957 3519 tamen
976 3459 1110 3517 Vaassen.
1137 3457 1280 3518 animadu.

178 3569 209 3630 p.
218 3555 288 3610 242.
321 3553 366 3612 De
384 3555 429 3627 iis,
448 3571 519 3631 quae
538 3553 574 3610 ad
589 3551 721 3611 Ouidium
742 3573 795 3610 uon
817 3556 966 3632 pertineat,
986 3553 1078 3610 dicere
1093 3569 1148 3608 non
1170 3553 1281 3624 attinet,

178 3646 229 3702 uisi
256 3645 329 3706 forte
355 3646 391 3705 de
408 3645 581 3725 Poplifugia,
610 3647 669 3704 siue
687 3645 849 3724 Poplifugiis
874 3650 917 3705 uti
935 3647 1108 3715 Macrobius,
1136 3645 1214 3716 siue,
1240 3645 1281 3701 uti
1328 3623 1329 3692 l

177 3737 329 3799 Muellerus
349 3741 460 3814 scribit,
483 3739 659 3817 Poplifugia,
686 3758 758 3817 quae
777 3741 894 3818 Fugalia
912 3743 971 3798 sine
996 3739 1080 3797 dubio
1100 3739 1281 3816 appellantur
1328 3769 1329 3826 p

179 3831 214 3888 ab
235 3831 386 3912 Augustino
410 3834 446 3892 de
465 3853 489 3890 c.
510 3833 538 3892 d.
560 3839 590 3906 2,
609 3835 642 3890 6ι
675 3850 724 3890 aaa
746 3833 794 3891 ubi
818 3835 939 3911 Fupalio
964 3832 1163 3892 celebrarentur
1189 3830 1282 3906 affrica
1328 3839 1329 3896 l

175 3926 252 3982 'maai
269 3925 381 3988 licentio
395 3925 596 4005 turpitudinum
614 3933 641 3984 al
658 3943 721 3984 trare
735 3927 865 4002 Megalia,
884 3927 933 3986 aad
948 3927 1064 4004 prodaris
1076 3933 1102 3983 ct
1115 3925 1279 3998 lounestulia.
1328 3933 1329 3950 ¹

177 4020 239 4076 Hoc
257 4022 330 4078 euim
350 4039 449 4081 nornen
469 4019 637 4078 Niebuhrins
656 4019 685 4077 b.
698 4019 735 4078 R.
751 4025 779 4094 l,
798 4040 829 4098 p.
839 4023 896 4078 566
916 4021 951 4078 ad
971 4019 1147 4098 Regifugium
1168 4035 1280 4078 accom-
1328 4033 1329 4042 ¹

176 4112 318 4190 modauit,
337 4133 393 4193 quo
413 4115 458 4172 die
476 4113 591 4170 licenter
609 4114 775 4191 quicquam,
794 4124 878 4192 prout
896 4114 924 4171 iu
943 4114 990 4172 illa
1010 4113 1190 4188 uitulatioue,
1219 4109 1278 4168 uid.
1328 4119 1329 4174 ι

176 4202 263 4267 Maur.
277 4210 306 4284 3,
319 4213 348 4279 2,
366 4228 397 4287 p.
409 4210 476 4282 386,
497 4216 588 4266 actum
607 4225 668 4268 asse
682 4205 801 4266 Ouidius
819 4225 875 4264 non
894 4205 986 4266 uadit.
1016 4206 1175 4286 Poplifugia
1192 4221 1278 4284 quarn
