2688 4680
527 259 678 312 MERTIS
884 303 889 317 .
1039 271 1153 324 comp
1209 277 1229 314 J

83 411 140 472 ioue
154 421 183 474 et
196 411 258 474 Dite
275 431 326 493 pro
339 413 473 494 Neptuno
493 416 697 495 pouiuidetur.
735 418 821 484 Hanc
832 417 893 478 iore
912 423 1024 500 negauit
1033 425 1151 488 danse-

84 506 133 566 nius
148 526 175 585 p.
183 511 236 567 878
253 509 415 586 pertinuisse
434 508 469 567 ad
489 511 648 587 religionem
666 526 817 572 romanam.
854 513 985 573 Proxima
1003 529 1046 578 ert
1065 521 1149 598 uulgi,

82 615 96 654 a
110 617 157 676 qna
175 601 257 661 noluit
274 601 405 661 recedere
423 603 513 660 Varro
533 603 568 662 de
587 603 607 663 l.
621 603 641 664 l.
654 608 682 676 6,
693 608 748 664 19ι
769 606 936 666 Portutrulio
954 607 1028 668 diota
1042 631 1063 670 c
1074 616 1150 674 Por-

82 697 145 765 tuno,
163 697 222 770 quoi
238 714 270 753 oo
288 696 333 755 die
349 695 432 754 uedeo
449 698 481 754 io
497 704 582 774 portu
603 697 731 758 hiberico
748 698 828 773 furtu
845 706 873 757 et
889 699 977 774 fetico
993 704 1152 779 inmature

81 783 121 842 cfr.
140 783 189 844 ou.
209 789 237 863 o,
254 789 321 848 ooo.
359 789 476 848 nocuo·
495 790 585 850 uarro
604 791 672 850 eeu
694 791 795 870 fragm.
815 791 896 851 nutus
913 793 976 851 uiua
994 798 1023 852 τ.
1060 796 1150 856 Nam-
1200 786 1202 791 '

80 895 122 951 que
137 879 179 937 illa
195 882 277 942 aedes
295 885 323 941 in
343 893 443 961 portu,
462 885 521 942 siue
539 883 576 941 ad
594 894 708 962 pontem
729 886 889 959 Aemilium,
914 896 945 952 ut
963 898 1006 945 est
1024 889 1051 945 in
1070 889 1149 956 fastis
1202 880 1205 891 '

81 969 181 1047 Capran.
200 983 228 1033 et
245 978 379 1036 Amitern.
398 977 464 1036 XVl
481 973 532 1035 tlt*
548 977 642 1055 Sept,
662 979 685 1036 si
709 981 892 1038 uetustissima
913 997 964 1038 nec
983 991 1047 1059 post
1064 980 1148 1043 ferias

79 1061 191 1124 institutas
209 1077 239 1127 et
255 1080 367 1147 portum
386 1073 561 1146 instructum,
581 1073 639 1156 qui,
659 1070 734 1150 quod
752 1073 848 1147 sciam,
868 1082 933 1131 ante
949 1092 1050 1132 aunum
1064 1076 1099 1135 V.
1113 1077 1147 1138 C.
1251 1099 1253 1105 ·
1283 1085 1288 1092 '

79 1155 130 1232 575,
145 1158 204 1219 Liu.
218 1164 268 1239 to,
283 1165 332 1239 51,
354 1184 411 1223 non
430 1174 673 1238 commemoratur,
693 1184 729 1224 eo
748 1167 776 1224 io
795 1167 857 1224 loco
875 1165 1003 1226 dedicata
1019 1167 1083 1244 fuit,
1101 1168 1149 1228 fa·

78 1265 202 1313 curamue
219 1259 323 1335 potuit,
344 1269 374 1316 ut
389 1251 429 1316 ¹de
447 1257 492 1314 dei
512 1258 622 1315 nomine
640 1259 761 1336 populus
781 1268 896 1330 erraret,
916 1261 1043 1320 Matutae
1060 1261 1148 1322 hlium

77 1338 117 1399 iau
139 1355 199 1405 tuoe
221 1369 287 1410 eum
313 1351 437 1411 habitum
460 1353 545 1412 sehse
570 1353 680 1410 minime
705 1353 818 1432 probat.
858 1354 972 1432 Quippe
996 1354 1148 1416 secundum

76 1437 174 1498 tabulam
193 1443 319 1523 Capram.
339 1431 506 1504 admonente
525 1448 552 1504 io
577 1446 816 1505 retractationibus
834 1447 969 1525 Fogginio
988 1467 1018 1526 p.
1032 1429 1148 1517 lib'se·¹

77 1527 118 1586 rias
133 1530 220 1595 hahuit
238 1538 381 1598 Portunus
400 1559 456 1600 una
474 1560 536 1598 cum
557 1540 635 1610 lano,
656 1539 887 1618 quemadmodum
905 1545 995 1620 lanus
1007 1546 1148 1602 Portunata

75 1633 106 1680 ert
118 1626 140 1683 in
157 1629 488 1710 inscriptione'Orelliana
502 1634 596 1692 1⁵85.
617 1634 741 1710 Vterque
754 1634 836 1710 igitur
851 1635 919 1692 deus
933 1635 1054 1712 clauiger
1067 1636 1147 1710 (uide

75 1712 226 1784 dePortuno
245 1726 330 1785 Paul.
350 1727 429 1786 Diae.
447 1746 478 1804 p.
489 1727 537 1801 56,
550 1725 582 1800 5)
601 1726 668 1785 nihil
687 1725 780 1801 aliud,
806 1745 890 1804 quam
910 1730 1039 1788 tuebatur
1056 1728 1159 1790 aditum¹

73 1809 281 1892 othir-publicos,
301 1821 372 1880 sicut
390 1829 509 1898 uterque
520 1819 642 1898 praefuit
655 1820 777 1897 priuatis.
815 1819 942 1897 Quorum
960 1839 1015 1880 oon
1065 1811 1148 1884 tuo-

74 1903 193 1985 ubuum,
217 1913 297 1972 unde
315 1912 475 1988 Portunus,
494 1913 563 1972 deus
582 1912 868 1990 indigitamentorum,
887 1916 1010 1974 fortassis
1028 1841 1148 1986 sethim·

71 2011 117 2056 r(¹¹11
132 2001 218 2074 (Fert.
233 2025 267 2084 p.
280 2009 350 2082 217,
365 2009 400 2066 15
412 2008 488 2079 sio.),
508 2025 608 2065 nomeu
628 2008 751 2086 accepit:
770 2006 821 2066 sed
839 2008 897 2066 eius
917 2008 1044 2066 uocabuli
1063 2018 1145 2068 uetu-

73 2089 123 2148 stior
132 2095 308 2178 significatus,
327 2102 376 2178 qui
393 2102 530 2161 indicatur
543 2121 560 2159 a
572 2102 699 2160 Varrone
717 2100 753 2160 ir.
764 2105 795 2176 7,
814 2101 933 2159 traditur
945 2101 1019 2178 apud
1031 2100 1147 2162 Festum

71 2191 208 2279 idib-28
222 2196 297 2255 sina
321 2199 438 2254 Porttrm
454 2199 486 2254 io
504 2199 570 2262 ΧΗ
586 2211 638 2270 pro
656 2193 737 2252 doum
755 2197 876 2272 positum
894 2211 986 2252 orttues
1003 2191 1062 2267 fere
1079 2213 1146 2254 ooo-

71 2283 176 2343 rcutiuot.
206 2285 310 2348 Potest
322 2288 449 2368 proiecto
465 2289 583 2347 alterum
596 2304 708 2366 quoque
727 2287 755 2345 iu
770 2306 822 2345 usu
840 2286 934 2360 luisse,
955 2295 983 2344 et
1001 2288 1066 2346 satia
1084 2297 1146 2348 erat
1219 2281 1222 2290 '

69 2387 163 2454 uuae,
186 2399 238 2441 cur
257 2381 299 2441 ad
322 2383 455 2442 stationes
478 2381 594 2442 nauales
610 2378 763 2439 referretur
786 2379 870 2439 deust
897 2381 925 2439 iu
950 2380 1025 2437 cultu
1051 2388 1145 2442 tamen

70 2465 159 2536 publico
176 2476 236 2533 eius
257 2475 368 2534 nullum
394 2485 437 2539 ert
455 2477 601 2554 uestigium
621 2491 737 2552 graecae
755 2475 952 2552 qualiscunque
970 2474 1146 2552 cerimoniae,

68 2573 136 2632 ‘illle
153 2584 170 2624 a
186 2567 305 2629 Matuta
323 2571 414 2649 potius
433 2572 460 2628 in
480 2589 544 2630 eum
563 2569 724 2646 migrauisse
744 2567 855 2627 uidetur
871 2567 975 2642 sabula,
994 2577 1025 2625 ut
1043 2567 1084 2627 ita
1102 2568 1145 2628 dt·

69 2665 289 2730 reuomente.
329 2663 421 2727 Venio
440 2664 476 2722 ad
496 2681 558 2724 eam
577 2663 752 2737 senteutiam,
773 2680 828 2741 qua
846 2661 955 2720 Matuta
972 2659 1058 2720 fuhee
1077 2661 1145 2722 dici·

67 2751 101 2804 tur
114 2767 208 2815 numen
229 2758 384 2817 Etruscum
405 2768 434 2818 et
456 2766 516 2816 toto
540 2757 588 2816 illo
610 2758 704 2816 littore
728 2757 863 2814 maritimo
882 2756 1006 2833 proxime
1025 2756 1145 2816 Romam

66 2841 165 2907 Mhmc
183 2850 360 2912 Niebuhrius
375 2853 414 2910 ita
431 2854 528 2911 statuit
545 2850 575 2909 h.
594 2851 632 2909 R.
644 2857 674 2926 2,
694 2851 800 2928 paea,
820 2867 872 2908 nec
890 2848 1042 2907 dissimulat
1061 2867 1147 2909 unum
1173 2899 1175 2908 .

65 2937 152 3000 ootuu
177 2945 239 3004 eius
268 2945 416 3004 delubrum
441 2963 502 3004 esse
526 2946 713 3024 exploratum,
738 2943 851 3020 Pyrgis,
877 2940 951 3019 quod
969 2940 1147 3002 Leucotheae

65 3033 202 3104 trudatur
228 3041 269 3098 ab
297 3040 386 3098 huon.
406 3057 550 3099 oecomm.
570 3059 595 3098 c.
613 3039 659 3109 19,
677 3057 706 3116 p.
721 3037 778 3095 265
797 3035 886 3094 Behlr.
906 3045 935 3092 et
952 3034 1095 3110 Polyaeno
1113 3036 1145 3112 5,

63 3119 84 3189 ²,
98 3127 141 3201 21,
159 3147 189 3209 p.
211 3134 275 3192 159
296 3133 363 3192 Cor.
395 3133 546 3192 Muellerus
572 3150 683 3210 quoque
701 3131 763 3190 Etr.
783 3135 811 3199 2,
833 3148 861 3206 p.
875 3125 912 3184 55
932 3137 961 3185 et
980 3127 1145 3186 Clausenius

63 3221 145 3287 hm
165 3224 287 3284 dubium
305 3244 365 3286 esse
384 3237 497 3304 negant,
516 3227 581 3306 quin
595 3226 703 3284 Matuta
723 3223 815 3282 fuerit.
849 3221 1012 3278 Clausenius
1031 3217 1146 3279 demon·

62 3316 144 3374 ruaott
154 3337 291 3396 graecam
305 3320 387 3380 huius
402 3321 518 3379 nominis
536 3321 788 3398 interpretationem
799 3312 953 3392 profectam
969 3330 1029 3371 esse
1042 3331 1059 3371 a
1070 3312 1146 3373 Pho-

61 3410 222 3488 uomitus,
245 3414 297 3492 qui
314 3414 504 3474 Leucotheam
522 3413 685 3487 coluerunt,
704 3421 734 3469 et
752 3409 827 3488 quod
847 3408 949 3467 Strabo
968 3407 997 3482 5,
1017 3427 1045 3484 p.
1056 3410 1145 3466 aare

62 3491 113 3560 Cet.
131 3502 275 3583 Ilithyiam
295 3507 502 3585 interpretatur,
521 3506 585 3564 inde
598 3505 700 3582 colligit
711 3503 845 3562 Matutam
860 3501 1048 3560 Romanorum
1060 3521 1145 3580 puer

59 3591 115 3662 P‘ffi
135 3614 243 3658 numen
272 3597 365 3660 fuisse.
405 3601 463 3659 Rea
487 3601 562 3658 soret
585 3599 697 3658 maximi
720 3597 851 3655 momenti
877 3595 1051 3654 uernaculam
1076 3595 1147 3653 deae

60 3692 169 3748 ”illitam
188 3693 232 3751 ita
254 3693 436 3772 deprehendi,
455 3695 506 3752 nisi
523 3704 580 3752 tam
599 3692 684 3750 dubia
703 3700 784 3750 esset.
819 3691 932 3759 Quanto
952 3687 1059 3745 doctius
1078 3707 1145 3766 pro·

60 3773 137 3840 btttrrn
155 3786 217 3860 itur
231 3785 427 3848 Phocaeenses
440 3807 502 3847 cum
514 3787 703 3864 Agyllensibus
722 3785 914 3842 commercium
929 3791 958 3840 et
969 3781 1146 3840 Leucotheae

59 3883 122 3933 tetra
139 3876 290 3956 hahuisse,
309 3891 388 3940 tanto
406 3884 497 3941 minus
516 3897 629 3938 necesse
648 3888 690 3937 est
707 3878 782 3937 illam
796 3876 950 3954 Pyrgorum
969 3874 1050 3934 deam
1065 3875 1146 3934 ualde

59 3973 208 4034 Quiete
228 3973 274 4032 ad
291 3993 434 4054 graecam,
454 3976 542 4034 ueluti
560 3973 642 4033 docet
659 3971 805 4032 Strabonis
823 3971 962 4030 iudicium.
1000 3967 1075 4038 Quid
1096 3968 1154 4044 ἱεῖς

60 4063 109 4136 lit,
132 4067 155 4125 'ti
179 4068 313 4148 Capram
333 4078 481 4148 putemus,
504 4069 638 4127 lunonem
662 4066 826 4140 Etruscam,
853 4063 889 4123 de
915 4080 972 4141 qua
994 4063 1097 4122 Strabo
1116 4058 1147 4134 5,

59 4159 171 4225 atim
184 4162 277 4238 Can,
294 4180 367 4244 quae
383 4163 408 4224 si
425 4170 487 4224 tota
498 4161 611 4223 Etruria
629 4161 705 4221 culta
722 4167 777 4236 est,
796 4169 911 4220 neceam
928 4165 971 4218 eat
987 4155 1017 4214 iu
1035 4145 1148 4213 urbibus
