2678 4668
427 277 471 373 iffi
493 287 632 373 AEDIBVS
653 321 764 372 arente
1016 321 1148 400 cxxxix

70 473 310 556 scdqnamPauto
328 473 408 536 Diae.
427 471 798 558 testepi.1³‚10msdtom
814 475 931 537 mutiunt
954 471 1046 554 eque
1059 475 1147 536 inciu-
1220 455 1223 462 ¹
1260 454 1262 462 ’

71 570 105 630 dit
120 573 145 628 in
164 589 249 650 genus
268 568 402 647 aedificii,
426 571 544 649 eamque
562 590 617 631 non
638 588 773 646 uacuam,
791 569 841 628 sed
865 571 924 649 ipsa
944 567 1036 628 Ouidii
1056 576 1149 628 aetate
1184 587 1206 602 “

71 665 101 722 ini
112 665 220 742 Regiam
235 663 336 724 sitisse:
355 682 427 744 qnae
446 657 569 741 ergo³de
586 663 641 722 situ
653 661 760 740 Regiae
775 675 899 722 ueterum
918 661 1070 720 testimonia
1089 662 1160 720 eoi-¹¹

71 757 124 834 legit
140 757 348 835 dmirroschius,
374 771 408 816 ea
427 759 567 836 pertinere
592 759 674 816 etiam
699 755 735 814 ad
756 758 871 815 Atrium.
908 755 1047 834 Perquam
1065 755 1149 830 igitur
1245 752 1261 784 ·'

72 861 182 910 sacrate
201 852 450 910 teneremus-hanc
468 871 547 927 rem,
578 851 703 924 simodo
722 847 781 909 tota
800 848 847 906 iiia
866 845 1033 906 Ambroscirii
1051 845 1150 923 dispo-r

72 945 126 1002 tatio
140 943 173 1003 de
186 943 274 1003 Sacra
293 946 339 1003 uia
357 947 443 1024 uuigo
461 944 618 1005 dicta'satis
637 943 722 1002 firmis
738 945 870 1001 niteretur
890 941 1066 1018 argumentis.
1092 937 1151 997 or·

73 1033 133 1094 ditur
146 1037 294 1096 rectissime
313 1039 350 1096 ab
369 1057 415 1114 eo,
435 1037 554 1097 eundem
573 1047 690 1096 tractum
713 1036 826 1094 indicari
845 1036 936 1093 uerbis
954 1031 1151 1093 Varronianisa

73 1147 128 1207 quos
143 1139 183 1191 cst
198 1151 218 1191 o
235 1131 302 1205 forn
319 1133 395 1190 auerti
412 1133 530 1210 prurwm
548 1131 618 1190 dicto
637 1142 665 1212 et
687 1127 829 1192 Verriauis
848 1129 893 1186 uel
913 1127 1005 1186 Festi:
1034 1143 1055 1184 u
1071 1125 1151 1201 aspis

74 1224 103 1282 cd
117 1224 218 1285 meum
238 1228 312 1302 sapie
329 1223 496 1300 compota,
521 1226 569 1284 sed
596 1225 762 1305 praecipitat
788 1240 864 1296 mm,
890 1239 954 1280 cnm
975 1219 1068 1279 statim
1088 1215 1151 1295 Μ

72 1335 114 1396 pro
129 1321 270 1398 explorato
289 1320 373 1377 sumit
390 1319 450 1378 eius
468 1319 532 1376 uiae
551 1318 653 1376 nuliam
672 1327 779 1397 partem
798 1315 871 1374 inira
882 1315 981 1374 ciiunm
993 1311 1152 1372 Palatinum

73 1409 350 1473 tumescentem
369 1413 569 1490 quaestionem,
588 1430 652 1469 cum
671 1410 710 1484 id,
729 1405 806 1487 quod
827 1418 932 1467 certum
945 1404 1152 1480 caedebatur.-
1227 1467 1231 1478 1

74 1503 184 1564 mertum
204 1505 298 1565 reddit
318 1505 474 1584 coniectura
492 1506 736 1582 pmnimo'repiae
745 1502 830 1561 oinos
849 1503 896 1560 uin
914 1499 1152 1562 excedentissima

75 1597 211 1674 aliquisita
238 1606 318 1658 recte
344 1597 530 1676 auspicabiter
552 1596 773 1675 disputationem.
819 1595 852 1654 st
878 1596 991 1672 uulgata
1014 1595 1152 1672 scriptura
1240 1649 1243 1660 ,

29 1753 30 1760 .
76 1691 301 1771 sciretur,·qnam
321 1701 478 1771 suspectam
498 1710 554 1750 non
574 1690 734 1764 habuerim,
753 1689 887 1768 significat
904 1689 978 1746 circe
995 1688 1078 1746 iiuem
1097 1685 1153 1745 soti

74 1783 151 1842 subter
168 1798 292 1846 montem
315 1777 472 1844 Palatinum
498 1802 559 1842 esse
577 1783 691 1842 Sacram
710 1785 801 1858 uiam,
828 1801 901 1862 quae
922 1782 1152 1858 sauigodicaturs

29 1909 30 1956 i
74 1891 168 1936 neoene
190 1889 237 1936 est
256 1897 344 1954 sane,
373 1877 552 1957 quietorum
581 1895 679 1936 uersus
702 1877 834 1935 orientem
862 1876 1050 1954 'praecluditur
1068 1875 1153 1952 ciiudg

74 1970 209 2030 ascenderit
227 1973 276 2036 uia
294 1973 395 2049 partim
414 1971 441 2028 in
466 1971 589 2045 cliuum,
615 1971 664 2030 sed
683 1972 790 2048 Regia,
814 1980 899 2049 prout
918 1970 1008 2028 estin
1029 1969 1153 2028 Buuseni

75 2061 169 2141 tabule,
203 2067 250 2124 uel
282 2083 372 2142 prope
397 2064 531 2143 tempium
549 2061 681 2125 *Castoris
706 2082 767 2124 esse
792 2065 898 2143 potuit,
929 2058 1154 2142 quandoquidem

74 2151 148 2214 fornix
170 2157 314 2217 Fabianus
338 2157 391 2215 fuit
413 2167 485 2216 teste
510 2157 643 2217 schotto
663 2157 722 2216 tic.
743 2157 823 2216 Verr.
844 2162 872 2227 1,
884 2159 916 2231 7,
931 2159 968 2214 lu
991 2158 1076 2214 teoto
1093 2158 1154 2214 lto-²

74 2251 135 2322 gion
150 2254 179 2311 ia
195 2271 282 2312 sucro
299 2254 351 2310 uio
370 2261 398 2310 ot
417 2261 487 2309 teste
501 2252 590 2311 altero
606 2271 635 2330 p.
645 2253 703 2310 399
717 2249 768 2310 Or.
787 2255 850 2329 post
868 2249 997 2329 tempium
1014 2249 1154 2308 Gnctoss'ct

76 2357 125 2399 nam
147 2363 208 2404 cnm
233 2346 393 2404 nouerimus
418 2362 453 2404 ex
470 2343 545 2404 Piut.
564 2345 623 2404 Cic.
642 2364 668 2403 o.
681 2349 719 2401 22
739 2344 853 2402 Sacram
874 2345 946 2402 uiam
964 2363 1018 2422 per
1034 2341 1154 2400 medium

76 2431 150 2495 fotum
162 2439 286 2513 duxisse,
305 2457 414 2496 causam
429 2457 486 2498 non
506 2440 596 2514 uideo,
616 2457 667 2496 cur
683 2437 775 2496 fornix
791 2437 929 2496 Fabianus
948 2439 1039 2496 iocum
1057 2438 1085 2494 in
1101 2437 1155 2494 vta

77 2543 147 2604 nona,
166 2534 212 2591 nbi
230 2540 305 2591 teste
325 2530 428 2591 Ouidio
448 2551 477 2590 u.
490 2536 546 2592 396
564 2534 591 2591 in
611 2533 701 2590 forum
721 2549 755 2590 ea
773 2533 833 2591 siue
852 2531 967 2590 Sacram
987 2532 1058 2601 uiam
1077 2531 1155 2608 exiit,
1203 2555 1206 2570 ·

78 2619 205 2702 relinquat.
245 2625 290 2683 De
311 2625 399 2682 altero
420 2625 523 2685 Sacrae
543 2625 604 2684 uiae
622 2628 739 2683 termino
763 2643 818 2684 non
844 2624 926 2684 ualde
945 2625 1070 2702 refragor
1088 2628 1155 2684 Am·

78 2712 204 2795 breuno,
233 2718 347 2776 domum
366 2720 440 2796 regis
457 2729 598 2776 sacrorum
616 2719 739 2777 concedo
759 2737 848 2797 prope
866 2737 1008 2778 ascensum
1027 2720 1054 2778 in
1075 2720 1156 2799 pais-

78 2808 173 2869 tiunin
191 2831 302 2871 summa
321 2811 409 2876 Sacra
429 2813 475 2870 nia
493 2812 589 2888 fuisse,
608 2811 657 2870 sed
677 2830 777 2871 moneo
795 2812 833 2872 de
848 2809 941 2872 Verrii
959 2823 1065 2872 tantum
1084 2823 1155 2872 tem·

79 2917 134 2977 pore
150 2903 177 2962 id
195 2918 343 2981 constare3
370 2905 564 2964 Ambroschius
590 2925 653 2964 cum
678 2905 811 2984 tempium
832 2901 936 2966 Vestae
954 2917 1029 2964 recte
1047 2908 1075 2965 in
1094 2906 1157 2965 toro

79 3008 167 3074 ponat,
184 3000 294 3058 Atrium
314 2999 404 3058 eidem
424 2999 583 3076 contiguum
600 2998 686 3058 fuisse
704 2997 867 3069 contendat,
887 2999 934 3056 ubi
952 3001 1042 3058 locum
1061 3001 1159 3078 Dionis

80 3087 173 3164 tt‚2t=
192 3085 252 3167 τὴν
264 3087 367 3170 μέντοι
383 3093 439 3153 rosi
452 3084 605 3166 βασιλέως
617 3091 677 3150 τῶν
692 3085 779 3168 ἱερῶν
794 3082 939 3168 (οἴκησιν)
950 3094 1019 3161 ταῖς
1029 3081 1160 3170 deinum-¹

80 3177 168 3254 θίνοις
186 3177 298 3246 ἔδωκεν
317 3179 421 3264 ἐπειδὴ
440 3175 653 3263 ὁμότοιχος
678 3187 748 3254 ταῖς
765 3175 917 3260 οἰκήσεσιν
936 3181 1037 3246 αὐτῶν
1055 3172 1094 3264 ἦν
1117 3186 1160 3246 ἰιι·

80 3280 212 3355 terpretari
238 3281 339 3358 satagit
364 3281 401 3352 de
422 3279 526 3354 eadem
553 3282 623 3358 regis
650 3297 790 3338 sacrorum
817 3278 846 3335 in
873 3295 979 3338 summa
1004 3281 1090 3342 Sacra
1116 3282 1162 3342 uia
1200 3305 1204 3312 *

81 3365 162 3448 domo,
183 3369 253 3431 nittt
271 3375 296 3433 ei
313 3373 429 3452 prodest
440 3374 547 3432 Attium
566 3372 642 3452 qnod
660 3379 726 3450 post
744 3370 843 3428 nedem
862 3372 999 3434 collocare
1015 3375 1092 3447 ueiit3
1112 3373 1165 3434 nisi

82 3462 152 3522 etium
176 3451 206 3525 tn'
231 3469 316 3525 totino
334 3465 441 3526 Sacrae
464 3466 528 3526 uiae
551 3466 750 3546 longitudinem
773 3467 937 3543 extraxerit,
962 3479 992 3528 ut
1016 3479 1164 3548 utrumque

80 3555 130 3614 eins
150 3561 298 3618 terminum
318 3561 452 3638 attingat:
479 3547 542 3618 nam
562 3569 639 3619 recto
658 3556 760 3636 angulo
779 3557 895 3636 Regiam
914 3561 1067 3642 descripsit.
1106 3561 1164 3623 Sed

81 3649 137 3708 niti
153 3651 283 3732 displicet
294 3653 412 3732 Regiam
430 3655 599 3712 nominatam
617 3653 703 3712 fuisse
721 3672 738 3712 a
753 3653 863 3713 Numae
881 3653 1064 3733 habitatione3
1083 3657 1166 3716 tidem

82 3739 282 3806 habco'Sernio·
299 3747 336 3806 ad
354 3749 425 3806 Aen.
440 3751 469 3819 8,
484 3751 541 3806 363
560 3746 596 3805 de
614 3745 697 3806 domo
717 3748 791 3826 regis
809 3746 960 3807 sacrificuli.
997 3749 1167 3810 'Ambroscirii

84 3833 114 3893 de
129 3838 179 3898 hoc
198 3842 261 3900 ioco
281 3841 430 3921 disputatio
449 3860 480 3921 p.
489 3841 528 3899 25
547 3859 630 3919 quam
650 3841 716 3900 miti
734 3841 901 3917 satisfaciat,
920 3859 977 3900 non
995 3862 1108 3904 neceme
1126 3851 1169 3902 est

86 3933 212 4006 apetiam'a
240 3933 407 4015 pontificma,
432 3924 480 4014 qni
499 3945 692 4013 nuncupatur,
716 3954 771 3995 non
790 3935 902 3994 uidetur
919 3937 1091 4016 perspexisse
1109 3954 1169 3994 esse
1233 3963 1236 3968 ¹

86 4018 244 4088 Euandrum.
284 4029 363 4088 Tum
381 4029 510 4104 demum,
535 4047 598 4090 curn
617 4029 752 4088 Caesares
777 4030 921 4109 pontifices
940 4029 1049 4086 maximi
1069 4043 1170 4107 coepe·
1236 4045 1238 4048 ·

87 4126 143 4178 tunt
166 4119 291 4181 battare
313 4122 341 4180 iu
366 4123 491 4202 palutio,
515 4122 599 4181 credo
625 4123 678 4182 sub
703 4123 807 4202 palatio
833 4123 862 4181 in
884 4141 993 4181 summa
1012 4123 1100 4182 Sacra
1124 4123 1170 4180 uia

90 4209 161 4271 codes
178 4213 257 4276 datas
275 4216 386 4295 publice
404 4215 464 4296 regi
481 4233 634 4294 sacrorum,
653 4217 700 4296 qui
719 4235 793 4300 anno
806 4217 894 4277 Vct).
909 4217 964 4276 7⁴1
979 4215 1069 4275 nuilus
1087 4214 1171 4275 fuisse

90 4303 173 4383 utique
191 4308 308 4371 ddecus.
799 4338 802 4348 ,
861 4322 864 4326 ·
