2678 4668
189 306 314 384 cnxvm
409 377 412 382 Ι
649 301 693 351 ΠΕ
715 301 824 354 SACRIB

189 479 242 541 quo
257 466 290 520 ut
306 475 398 522 reuss
415 455 720 534 assumpseramus
736 473 880 537 moronus
897 459 1099 519 οοοοοαιοοοοὶο
1120 459 1151 518 iu
1171 459 1279 538 ritum,

130 625 131 632 ἵ
190 572 228 613 sn
246 553 343 632 paribus
361 559 421 611 tom
437 549 532 610 moitis
546 568 632 609 οοοοο
648 552 757 610 iuterim
774 569 887 628 ponunt.
921 551 953 610 Si
969 550 1035 628 quid
1049 570 1115 630 ergo
1134 552 1199 612 lruic
1216 557 1281 616 fidei

191 654 245 720 est,
263 645 291 704 in
311 648 365 707 ritu
385 648 455 706 sacri
474 643 549 724 quod
568 643 604 702 ad
630 661 706 702 aram
724 643 797 704 Iouis
815 645 898 703 Elicii
916 645 944 702 in
963 644 1099 726 Auentino
1118 650 1281 708 montefia-

192 737 249 813 bat,
268 738 387 800 fabellae
405 741 561 798 notissimae
579 738 711 797 memoria
730 746 895 797 conseruata
918 745 977 808 est,
1003 747 1095 801 actum
1118 749 1161 800 est
1179 742 1281 820 aliquid

190 841 304 907 eorum,
327 852 400 910 quaa
419 831 549 892 Ouidium
576 847 610 889 ex
628 821 740 900 Valerio
758 831 869 890 Antiate
893 831 1018 890 retulisse
1042 851 1128 908 supra
1146 835 1282 894 intellexi·

189 943 261 984 mus.
300 925 376 985 idem
395 925 431 984 de
449 921 574 1003 pluribus
592 925 676 983 sacris
695 923 819 983 disertius
839 923 924 983 tradit
942 925 1063 985 Tertull.
1083 926 1121 985 ad
1140 936 1198 986 nat.
1218 930 1282 1002 2,”Ι

189 1019 242 1075 sub
256 1017 304 1077 fin.
337 1019 407 1078 Eam
427 1020 464 1077 ob
482 1035 591 1076 causam
610 1017 734 1094 suspicor
747 1024 860 1095 poetam
880 1027 1003 1076 nostrum
1022 1029 1221 1099 nonnunquam
1238 1019 1281 1078 fa·

184 1109 318 1170 ¹bularum
337 1131 406 1191 quas
424 1118 520 1170 narrat
538 1111 616 1189 quasi
640 1108 849 1168 fundamentum
869 1109 995 1172 babuisse
1012 1114 1137 1193 ipsarum
1156 1124 1280 1174 ueterum

191 1205 399 1264 cerimoniarum
413 1205 614 1266 enarrationem
626 1203 753 1262 fortassis
766 1202 977 1262 Varronianam.
1014 1205 1079 1266 Non
1098 1205 1126 1264 id
1145 1207 1283 1285 improba·

190 1297 247 1356 bile
265 1307 333 1376 puto
352 1299 380 1357 in
399 1317 483 1357 causa
499 1299 557 1374 ilia,
577 1316 627 1355 cur
637 1297 751 1355 Faunus
768 1303 858 1354 uestes
877 1295 966 1354 oderit
980 1303 1010 1374 2,
1023 1300 1195 1384 355-358.
1227 1301 1285 1378 Ly·

190 1387 243 1448 dus
257 1393 329 1450 inter
340 1409 419 1450 sacra
433 1391 557 1450 Herculis
568 1391 687 1450 Victoris
700 1390 739 1448 111
750 1389 826 1448 Nou.
840 1389 908 1468 Apr.
924 1403 1131 1468 commemorat,
1150 1394 1283 1454 demens.

191 1483 222 1557 4,
236 1484 284 1553 46,
302 1503 332 1568 p.
342 1489 416 1543 2202
443 1477 490 1544 διὸ
511 1477 550 1562 δὴ
569 1479 620 1542 καὶ
639 1479 671 1542 ἐν
696 1483 762 1552 soie
781 1472 893 1541 τούτου
911 1483 1074 1562 percopiose
1097 1477 1170 1554 τοὺς
1195 1479 1284 1568 ἅρῥε-

190 1593 248 1644 νας
265 1568 450 1654 γοναικείοις
467 1576 574 1648 ςολοΐς
591 1575 771 1652 κοσμοῦσιν,
791 1576 842 1636 cfr.
859 1576 896 1635 de
914 1595 1004 1655 magg.
1020 1581 1051 1652 3,
1062 1581 1115 1638 64:
1136 1571 1217 1638 oillei
1233 1577 1285 1639 ani

191 1662 264 1738 τούς
282 1665 489 1748 καλοομέοοος
508 1664 662 1740 stotonae
679 1703 734 1729 -.
762 1660 903 1750 Τοιοῦτῳ
928 1662 983 1729 τὸν
998 1660 1155 1748 Ἡρακλέα
1177 1673 1286 1748 χιτῶνι

191 1761 402 1841 περιβαλοῦσα
410 1756 555 1844 Ὀμφάλη
569 1759 644 1824 ποτὲ
659 1759 794 1842 αἰσχρῶς
806 1757 922 1841 ἐρῶντα
933 1757 1154 1841 nuptialium.
1177 1759 1286 1845 Ταύτῃ

191 1854 243 1914 καὶ
251 1846 410 1937 Ἡρακλῆς
421 1853 550 1918 §sindus
570 1849 726 1935 ἀνηνέχθη
738 1887 793 1917 -.
812 1857 872 1918 Sed
891 1857 1032 1936 aliquanto
1048 1858 1179 1918 illustrius
1193 1877 1287 1920 exem·

182 1949 268 2026 ,piurn
287 1960 329 2010 est
347 1954 375 2010 in
388 1955 468 2014 Anna
479 1953 607 2013 Perenna
619 1957 651 2028 3,
662 1954 849 2011 dii-694*
870 1953 962 2010 Causa
980 1971 1031 2010 cur
1049 1953 1203 2011 obscoenae
1221 1971 1288 2013 can·

66 2056 70 2062 ’
190 2043 295 2104 tilenae
314 2047 372 2106 eius
391 2046 465 2107 seriis
484 2055 662 2126 usurpentur,
680 2045 806 2105 redditur
824 2046 900 2124 quod
919 2063 954 2104 ea
970 2044 1133 2112 administra
1142 2045 1218 2104 Mars
1231 2065 1289 2105 non

190 2133 298 2196 felicius
313 2133 440 2200 Vulcano
459 2143 569 2221 nuptias
581 2140 725 2200 Mineruae
744 2139 916 2216 expetiuerit.
952 2138 1033 2198 ilium
1044 2157 1121 2196 ¹nero
1140 2140 1198 2197 eius
1217 2139 1289 2200 deae

190 2244 308 2305 procum
328 2251 384 2292 non
403 2234 513 2294 memini
532 2233 740 2294 commemorari
759 2232 811 2290 nisi
829 2234 856 2290 in
877 2229 1014 2308 religionis
1034 2233 1100 2301 sius,
1120 2251 1203 2309 quam
1218 2231 1290 2291 Oui-

190 2321 253 2381 dius
272 2329 299 2394 3,
315 2328 370 2384 393
385 2347 427 2406 sq.
448 2330 601 2398 annotauit,
621 2327 805 2406 explicatione
824 2315 899 2404 apud
919 2323 1057 2403 Porphyr.
1077 2325 1113 2382 ad
1132 2326 1200 2384 Hor.
1221 2345 1290 2405 epp.

190 2418 222 2490 ²,
236 2419 267 2489 2,
279 2421 351 2480 209:
371 2424 456 2480 Moto
473 2421 565 2480 οιοοοο
581 2421 677 2496 rolipio
697 2429 738 2480 cst
754 2419 855 2480 nubere
870 2425 898 2478 et
917 2421 981 2477 item
995 2421 1117 2486 illm-tio,
1134 2421 1165 2477 io
1184 2439 1238 2497 peso
1256 2420 1292 2480 de

190 2511 296 2582 amun
313 2510 409 2572 bobilo
431 2518 613 2592 unamines
630 2518 768 2574 Μιοοαοα
784 2518 871 2574 Mors
888 2513 980 2575 uicus«
995 2517 1050 2572 ost:
1073 2508 1183 2575 obtorto
1199 2517 1292 2590 obpi-

189 2600 278 2658 aitots
290 2606 424 2664 Murano
437 2609 541 2666 Nerius
554 2614 595 2665 ast
613 2607 766 2684 appellato.
796 2608 829 2666 Si
846 2605 996 2664 infaustum
1014 2603 1082 2663 illud
1100 2614 1210 2684 tempus
1227 2627 1294 2670 αοε-

82 2747 86 2756 .
189 2692 233 2770 pit
256 2689 320 2772 ipsis
338 2696 490 2773 Mandis,
516 2701 558 2758 uti
582 2701 746 2776 assignificat
766 2697 902 2774 Ouidius,
928 2697 1007 2756 desiit
1027 2715 1093 2774 ergo
1120 2697 1244 2761 fortassis
1262 2704 1292 2758 in

189 2781 392 2846 Tubilustriurn
415 2791 507 2849 th’
525 2793 611 2869 Apa,
642 2801 710 2850 tunc
735 2792 808 2852 enim
837 2785 929 2867 τιμὰς
946 2782 1054 2866 ’Άρεος
1080 2785 1131 2846 καὶ
1157 2788 1295 2868 Νερίοης

188 2878 314 2956 assmpsit
329 2880 425 2958 Lydus
445 2883 481 2941 de
494 2903 582 2943 mens.
598 2885 628 2958 4,
638 2885 689 2957 42,
709 2903 738 2962 ρ.
748 2889 818 2962 206,
837 2904 892 2965 qua
911 2903 942 2944 re
959 2886 1058 2943 iterum
1074 2882 1208 2945 dissensio
1223 2885 1295 2944 Oui·

189 2969 228 3030 dii
247 2981 276 3032 et
294 2973 384 3035 Verrii
403 2976 509 3050 Flacci,
530 2975 566 3034 de
584 2995 640 3054 qua
660 2975 716 3034 dixi
729 2997 818 3057 supra
838 2997 969 3057 p.xn11,
989 2978 1158 3038 conciliatur.
1198 2979 1296 3039 idibus

188 3077 257 3142 ergo
273 3067 385 3127 Martiis
405 3083 439 3129 ex
459 3071 566 3146 uulgari
585 3071 715 3149 opinione
741 3073 883 3131 etiamtum
902 3071 1047 3150 deperibat
1065 3071 1147 3130 deam
1166 3082 1295 3130 amator:

187 3157 363 3220 manifestum
382 3174 424 3222 est
442 3181 503 3222 earn
523 3163 610 3242 ipsam
630 3165 763 3243 temporis
782 3167 1002 3226 conuenientium
1018 3182 1119 3222 causae
1133 3163 1229 3234 luisse,
1242 3184 1297 3223 eur

187 3254 269 3309 Anna
287 3253 313 3310 ei
331 3257 443 3332 negotio
462 3257 695 3334 interponeretur.
735 3259 768 3316 ln
788 3259 897 3318 Cereris
915 3259 1000 3317 sacris
1019 3259 1050 3332 4,
1065 3257 1132 3330 494,
1153 3257 1223 3331 555,
1235 3257 1297 3315 556

106 3379 109 3386 .
164 3341 251 3418 »ipse
267 3353 353 3420 pocta
372 3347 549 3408 cerimonianr
565 3350 602 3408 ad
618 3367 701 3428 quent
719 3350 815 3408 fabula
833 3353 986 3430 pertineret
1004 3349 1144 3412 indicauit.
1173 3349 1206 3410 lu
1219 3351 1299 3408 Bac·

188 3432 233 3490 cbi
252 3437 340 3514 mellis
360 3437 509 3500 iuuentutis
528 3441 624 3502 sabula
641 3442 743 3518 3,.755
763 3442 838 3521 quod
857 3454 900 3502 est
919 3444 1151 3504 oblectamentum
1170 3443 1300 3500 nascitur

188 3535 265 3584 certe
284 3546 319 3586 ex
337 3529 445 3589 mimica
464 3543 493 3592 et
512 3535 623 3594 animali
643 3535 775 3596 narrandi
798 3540 922 3613 argutia:
949 3536 1077 3607 crederes
1094 3545 1209 3614 poetam
1228 3539 1302 3614 quia

187 3617 328 3681 liberalia
347 3625 470 3700 urbana,
494 3637 527 3684 ut
545 3627 619 3686 iufra
636 3628 759 3704 dicetur,
786 3629 989 3706 angustioribus
1007 3629 1107 3688 finibus
1125 3629 1301 3689 coerceban-

187 3721 253 3788 tur,
276 3713 314 3772 ad
333 3717 449 3775 rusticos
468 3718 568 3776 latinos
586 3706 650 3780 sese
666 3721 849 3800 applicuisse,
873 3722 909 3784 de
927 3725 1027 3801 quibus
1044 3723 1175 3801 Virgilius
1195 3741 1244 3800 ge.
1266 3729 1301 3798 2,

119 3849 121 3854 ,
188 3808 247 3863 396
259 3825 302 3884 sq.
329 3809 411 3868 Aliud
427 3810 559 3870 eiusmodi
576 3812 641 3872 uide
653 3814 731 3893 apud
740 3814 832 3892 Neap.
847 3813 884 3872 ed
896 3817 927 3890 4,
936 3818 994 3876 235
1008 3835 1042 3876 ex
1056 3816 1131 3877 Plut.
1147 3813 1216 3874 adu.
1230 3815 1301 3876 Col.

188 3917 215 3958 o.
226 3903 263 3956 55
278 3902 327 3960 tin.
354 3902 482 3980 Denique
496 3922 568 3982 quae
582 3907 612 3982 6,·
624 3904 682 3964 523
696 3906 733 3965 ds
749 3905 866 3985 bospitio
883 3907 1052 3968 Carmentae
1070 3917 1100 3972 et
1114 3908 1213 3966 Matris
1231 3907 1304 3968 Mn·

189 3999 268 4050 tutae
284 3992 485 4072 proferuntur,
511 3997 637 4055 nituntur
654 3997 772 4058 fortasse
796 4001 889 4060 nescio
915 4021 972 4080 qua
990 4006 1133 4082 utriusque
1150 4019 1305 4062 umorum

189 4087 393 4161 rnniunctione,
412 4107 476 4146 eum
494 4097 611 4169 unaque
629 4089 696 4166 dea,
716 4092 866 4152 Carmenta
885 4095 1038 4168 secundum
1052 4116 1099 4171 ea,
1118 4113 1194 4174 quae
1208 4097 1304 4176 paulo

189 4177 303 4242 inferius
322 4197 340 4240 a
358 4181 438 4242 nolis
456 4181 594 4262 dicentur,
612 4179 722 4248 Matuta
741 4203 810 4248 uero
824 4203 842 4250 a
857 4184 999 4254 Strabone
1019 4199 1050 4256 et
1065 4189 1157 4254 Piiniu
1176 4199 1306 4258 numnis
