2636 4678
325 290 412 336 vuer.
435 285 578 334 uvovsrr
598 286 641 336 rs‘s
664 289 785 335 svunra
931 301 933 308 c
1008 277 1104 339 xxvrr

49 459 99 517 qnos
113 440 160 498 Dio
178 438 267 498 endenr
291 440 353 501 locu
371 437 506 500 Kalendis
522 439 571 498 liis
591 441 661 516 Aug.
681 439 742 498 lieri
760 439 854 498 solitos
873 439 974 516 tradit,
996 441 1105 517 dubito,

49 543 116 591 otnnn
132 533 164 591 ad
181 533 271 590 blattis
289 533 422 612 templum
442 535 470 590 in
489 531 719 611 campo-Martio,
739 535 813 610 quod
832 534 908 592 idem
923 554 1012 613 prope
1030 537 1106 596 solos
1148 597 1153 612 ,

48 627 82 699 ib,
94 629 125 683 24
140 637 334 702 commemorat,
354 629 484 697 reseram,
503 647 539 686 uu
555 630 637 686 etiarn
655 626 765 684 aliunde
784 623 925 685 traductos
944 630 1104 688 existimem.

50 720 104 776 initio
122 709 279 800 Septembris
302 721 378 800 quod
400 719 478 778 deest
497 723 524 776 iu¹
544 722 638 779 tabula
657 718 799 778 Maliacus
822 721 951 795 biduum,
970 723 1008 780 ita
1026 725 1107 782 nscia

52 819 130 871 meunt
147 813 201 874 Itali
218 815 358 890 homines,
378 823 410 871 ut
428 813 524 872 litteris
543 813 742 874 nundinalibus'
759 814 909 870 et=mensis
928 813 1007 872 titulo
1029 827 1106 874 utro·

52 905 106 980 bique
121 909 273 966 asenbeient
291 909 330 984 N,
350 925 385 966 ac
402 916 549 985 praetcrea
563 905 710 964 Kalendisr
724 905 812 964 'HOC
825 907 890 963 Dlli
905 907 991 964 FER.
1007 907 1107 983 NEP,

51 998 101 1074 quod
113 999 177 1076 apud
190 1001 339 1058 Gruterum
358 999 393 1058 ad
413 991 540 1081 lVNon.
557 1008 642 1058 extat.
673 997 749 1067 Quid
766 1001 817 1058 sibi
837 1000 985 1073 noluerint,
1004 1017 1107 1076 coguo-

49 1091 108 1148 scitor
123 1111 150 1150 ex
169 1093 251 1170 Piglrii
276 1092 321 1150 bis
338 1094 430 1150 uerbis
455 1094 484 1150 in
508 1094 705 1152 commentario
731 1092 849 1150 inedito:
878 1095 914 1150 lll
933 1093 1008 1154 Nun}
1028 1093 1108 1170 Sept.

50 1183 67 1238 iu
80 1183 129 1242 fast.
145 1185 216 1244 lloff.
234 1184 285 1244 NP
307 1189 396 1244 notari
421 1187 598 1264 obNepiuni
623 1185 729 1259 ferias,
755 1193 788 1243 ut
811 1189 915 1269 portion
939 1205 975 1244 erc
993 1187 1109 1247 olnam

51 1275 179 1338 Kobrrdcrii
194 1281 452 1357 (Capranicnrum)
477 1280 656 1356 fragmentis,
680 1282 784 1356 purlins
797 1297 845 1338 -erc
863 1282 953 1338 Dione
969 1279 1109 1338 inlunem
1211 1353 1215 1360 ἱ

52 1367 193 1430 Credideruut
211 1385 328 1451 propter
346 1369 486 1432 Actiacam
511 1375 651 1431 uictoriam
678 1375 715 1430 lV
735 1374 811 1429 Non.
831 1371 911 1450 Sept.
933 1382 1003 1431 teste
1018 1373 1110 1432 Dione

52 1463 85 1536 il,
100 1469 111 1518 l
127 1473 283 1543 reportatam
304 1465 386 1524 tridui
402 1461 494 1526 ierlas
513 1467 647 1544 Neptuno
675 1467 845 1542 celebratas,
872 1465 957 1544 idque
976 1467 1055 1526 adeo·
1068 1463 1125 1526 ui·x

54 1552 121 1613 lutor
135 1558 221 1637 Pigbio
239 1562 425 1638 persuasisse,
453 1557 512 1638 qni‘
525 1561 643 1618 rectiora
661 1561 817 1638 ignorauit,
843 1561 975 1636 originem
990 1562 1110 1640 supple,-
1142 1567 1146 1574 “

56 1652 112 1706 nenti
125 1671 170 1710 non
188 1654 333 1730 ignorauit.
374 1654 465 1714 Hodie
486 1672 552 1711 uera
573 1656 683 1712 illorum
703 1655 809 1712 dierum
830 1665 928 1712 natura
947 1663 977 1712 et
995 1674 1039 1712 res
1058 1655 1110 1714 illis

57 1747 207 1813 gestiemulto
227 1748 325 1804 melius
345 1765 380 1806 ex
400 1749 494 1806 tabula
514 1747 683 1805 Amiternina
701 1757 915 1824 cognoscuntur.
953 1747 1110 1824 Kalendae,
1153 1753 1155 1758 ’
1239 1755 1244 1762 ”
1284 1749 1285 1758 ’

55 1849 103 1906 quse
120 1830 196 1896 tamen
214 1839 265 1898 NP
286 1837 367 1901 erant
387 1837 502 1916 Augusti
529 1849 671 1916 ternpore,
699 1839 783 1900 ferias
808 1841 881 1898 louis
901 1841 1040 1899 Tonantis
1058 1841 1110 1898 ha·

55 1922 145 1986 buerunt.
177 1933 212 1990 lV
230 1933 307 1992 Non.
328 1928 582 2007 rricsoriafsctiaoa,
602 1934 640 1991 lll
658 1933 734 1992 Non.
755 1934 849 1992 Sicula
868 1933 904 1990 de
923 1933 1010 1992 Sexto
1024 1933 1110 1992 Pom-

55 2020 98 2089 peio
111 2019 169 2078 feriis
185 2037 247 2083 suut
266 2025 453 2087 celebratae?
467 2015 785 2105 postrema'consulibus
804 2027 975 2104 designatur,
994 2035 1025 2083 ut
1044 2026 1110 2084 milri
1196 2057 1201 2066 ι

57 2107 142 2187 uidetur,
164 2127 277 2196 utroque
296 2119 435 2196 suffectis;
464 2139 529 2178 narn
548 2138 622 2177 anno
640 2120 698 2177 715
719 2119 906 2177 Octauianum
924 2117 1021 2176 uicisse
1040 2138 1112 2196 pru·
1162 2177 1169 2183 k

56 2199 178 2266 bertran.
188 2207 363 2289 Pompeium,
379 2213 617 2291 quodlloggiuius
629 2213 768 2288 opinatur,
784 2211 906 2268 absurda
917 2220 960 2267 est
973 2212 1110 2290 interpre-

57 2296 108 2354 tatio.
130 2297 271 2363 Nouissime
291 2307 319 2364 in
336 2306 504 2372 Nouembris
523 2316 552 2363 et
570 2302 731 2362 Decembris
750 2303 884 2360 meusium
904 2303 1040 2381 principio
1059 2304 1110 2364 de·

57 2387 100 2446 lecit
113 2393 181 2452 bonos
197 2398 410 2475 interpolatores
430 2407 510 2456 strum
525 2397 685 2456 artificium:
707 2395 906 2474 nilrilpoterat
920 2414 983 2455 essa
993 2385 1112 2476 exopta·

58 2479 105 2553 tiu,
121 2487 161 2544 oiri
177 2490 257 2548 etiam
277 2489 317 2547 lV
335 2490 410 2552 Non.
429 2491 506 2560 Nou.
529 2501 558 2548 et
577 2491 628 2546 Vll
644 2488 689 2546 ld.
710 2489 853 2565 Dentes,
880 2492 998 2568 quaein
1017 2491 1111 2570 lapide

60 2573 140 2636 ssfilbre
153 2580 260 2659 Pighius
285 2590 424 2660 matur,
446 2585 565 2664 insuper
583 2583 742 2642 habuissent
761 2584 976 2654 reamisimus,
999 2585 1111 2646 ffludlt
1147 2627 1148 2632 κ

59 2663 127 2744 stru,
146 2673 193 2732 r..
210 2675 235 2734 c
254 2675 394 2734 curun
413 2663 624 2754 usoggurus'.
660 2675 806 2735 uarenus·
817 2678 940 2755 utrisque
957 2677 1003 2752 Ν,
1023 2679 1112 2739 Noun
1214 2667 1219 2674 ’

58 2759 177 2838 lldsqmll
194 2768 230 2827 ad
257 2767 428 2846 reliquorum
443 2771 587 2829 ¹mensium
613 2771 769 2847 exemplum
794 2772 996 2849 ascripserunt,
1022 2789 1112 2852 eaque

57 2847 96 2923 ipss
112 2873 247 2922 onnonra
266 2861 423 2922 Nouembri
441 2883 542 2924 mense
567 2864 667 2940 singuli
695 2863 855 2922 emiserunt.
874 2933 882 2943 .
899 2865 1050 2924 Praeterea
1074 2867 1113 2926 lll
1200 2881 1202 2884 “

56 2937 106 3002 Nou.
120 2949 180 3012 Nou.
198 2955 275 3034 apud
296 2955 449 3014 Graeuium
469 2969 498 3016 et
516 2959 681 3035 Fogginium
701 2957 724 3014 F
745 2955 866 3014 additur.
904 2957 962 3017 Sex
987 2958 1045 3018 dies
1066 2960 1112 3019 lit·

57 3039 101 3095 teris
120 3045 434 3118 tanturn'nuudinalibus
460 3049 624 3108 indicantur.
670 3051 728 3124 llos
753 3048 854 3106 deiude
872 3049 1031 3108 Morcellios
1056 3071 1113 3110 nou
1182 3089 1184 3096 ,

56 3127 152 3196 irridicule
174 3143 210 3200 ito
235 3161 336 3200 reuera
362 3144 453 3200 notari
477 3143 656 3201 consecuisse
681 3141 793 3216 docuit,
827 3143 893 3220 quia
919 3144 971 3199 atri
998 3141 1112 3204 suerint.

58 3219 165 3306 Elllltlod
182 3237 281 3296 lacuna
300 3238 477 3314 absumptum
492 3248 545 3311 est,
565 3254 649 3292 unum
663 3244 773 3293 tautum
783 3238 1017 3308 commemorabo,
1038 3238 1114 3316 quod
1137 3235 1140 3239 ’

60 3323 169 3396 ”turullius
192 3348 260 3390 sane
286 3340 328 3388 ert
355 3331 495 3388 momenti.
542 3329 651 3386 Censeo
677 3327 821 3386 Kalendas
842 3328 1016 3390 Nouembres
1040 3332 1114 3390 diem

58 3407 143 3474 ulfinum
159 3421 241 3484 luisse
260 3442 357 3482 eorum
378 3421 518 3498 ludorum,
539 3423 587 3500 qui
606 3422 729 3499 quinque
743 3423 890 3500 postremis
905 3421 1037 3483 Octobris
1055 3425 1115 3484 die·

57 3495 90 3558 hle
102 3506 256 3593 indicantur,
277 3519 327 3576 sed
346 3515 413 3573 Kal.
433 3516 507 3573 Nou.
528 3535 584 3572 nun
603 3517 743 3596 simplices
762 3517 861 3591 ludos,
880 3516 930 3576 sed
949 3514 1029 3575 ludus
1049 3519 1115 3575 Cir-

57 3607 121 3656 euru
135 3604 273 3685 babuisse,
300 3611 377 3671 ouius
396 3610 441 3666 rei
463 3610 608 3686 uestigium
628 3619 715 3668 restat
738 3611 768 3668 in
788 3609 944 3687 fragmento
963 3613 1115 3688 Antistius,

57 3689 115 3748 ”llil
130 3696 162 3754 [N
181 3703 308 3762 ClRCO.
348 3703 450 3780 Neque
476 3703 549 3760 enirn
576 3703 692 3779 dubito,
719 3705 785 3782 quin
808 3705 830 3765 ii
853 3721 901 3762 ses
925 3702 1034 3762 dierurn
1057 3705 1116 3762 ludi
1145 3725 1149 3736 ’

58 3777 94 3837 rint
106 3788 220 3853 uictoriae
240 3797 374 3856 Sullarma
392 3787 637 3872 deTSarnuitibus,
663 3810 692 3856 et
710 3799 777 3876 quin
803 3799 841 3856 de
861 3799 895 3855 iis
917 3797 1115 3876 intelligendus

60 3869 85 3928 sit
95 3875 193 3946 Velleius
211 3895 242 3964 2,
261 3897 309 3952 27.
348 3890 469 3948 Videtur
490 3890 535 3948 bic
553 3903 602 3948 aut
626 3911 681 3950 uno
700 3889 891 3948 Kalendarum
911 3890 973 3965 die,
994 3902 1042 3950 ant
1061 3911 1116 3968 po-

61 3963 157 4033 &inum
174 3999 206 4040 sn
225 3983 270 4042 die
289 4005 307 4042 a
324 3985 405 4051 Sulla
424 3985 564 4044 institutos
583 3985 684 4044 dicere.
719 3985 764 4042 Ea
783 3983 819 4042 de
838 4001 921 4042 causa
939 3985 1115 4062 interpretes,
1152 4023 1157 4032 -

60 4069 181 4130 elibertino
197 4077 244 4153 qui
261 4078 567 4154 ignorarent'lacunam
585 4079 614 4136 in
630 4079 695 4137 last.
709 4076 790 4136 Maffl
805 4095 881 4152 esse,
899 4096 954 4136 uon
973 4079 1033 4136 ausi
1051 4087 1116 4134 sunt

64 4155 132 4218 “¹5³⁸
148 4167 208 4242 quid
232 4181 363 4231 statuere.
408 4174 513 4232 Verum
536 4175 655 4251 primum
681 4171 741 4230 ludi
766 4189 862 4232 omnes
888 4172 918 4230 in
943 4171 995 4230 lrac
1021 4171 1115 4228 tabula
