2636 4678
153 237 158 263 ¹
190 273 272 322 xxvi
537 271 709 320 vrcroaun
731 275 760 319 c.
782 275 933 326 oscaram

189 418 295 495 obrute
315 420 383 484 teos
402 416 437 483 tis
456 416 631 499 ὠνόμασαν.
676 423 761 483 Nunc
778 423 853 482 anibi
877 426 965 503 magis
988 426 1082 504 placet
1105 427 1159 486 ista
1183 428 1281 506 scripta

188 537 251 580 esse
268 529 331 598 post
350 537 451 577 aunum
464 521 532 594 792,
552 527 669 596 propter
682 527 784 578 metum
801 517 955 596 Caligulae,
974 518 1091 597 qnando
1107 522 1130 578 is
1149 514 1281 580 τοῦἈι-
1306 502 1307 560 i

112 673 114 680 ,
187 609 299 674 surico
313 611 432 688 μᾶλλον
450 604 471 688 ἢ
490 611 546 670 τοῦ
558 605 724 690 Adyuricou
743 605 895 690 ἀπόγονος
910 609 1010 674 δοκεῖν
1027 606 1184 690 ἠθέλησεν
1202 605 1281 688 elsua,

187 708 242 767 Dio
261 707 308 782 59,
327 710 376 764 20.
416 707 451 764 At
470 715 619 784 nugatores
638 708 677 765 illi
694 708 782 764 nostri
805 715 896 764 toturn
915 707 944 764 id
959 709 1063 766 lemma
1083 707 1213 785 sequenti
1233 707 1280 766 diei

186 803 326 878 assignare
343 799 507 859 maluerunt.
540 799 626 858 Aldus
644 799 727 876 igitur
739 797 850 858 seiuats
863 801 1041 878 caeteroquin
1057 800 1203 859 marmoris
1221 801 1280 858 scri·

164 913 168 928 ·
185 901 269 972 ptura
288 903 316 952 et
334 895 527 972 supplemento
543 910 579 950 ex
596 891 751 969 fragmento
766 894 984 972 Capranicorum
1000 895 1103 971 potitos
1121 893 1183 952 FC.
1199 891 1278 949 FER.

186 986 278 1045 HOC.
292 985 366 1044 Dlli.
383 987 417 1044 C.
440 984 598 1045 CAESAR.
618 985 734 1044 VlClT.
754 985 849 1046 HlSP.
867 987 952 1046 fedas
970 988 1099 1046 comitiali
1118 985 1165 1044 die
1185 984 1277 1042 indicit.

183 1081 318 1159 Sequitur
335 1077 511 1154 Marcelline,
536 1081 586 1139 sed
611 1099 673 1138 curn
693 1081 816 1139 Grutero
842 1092 982 1158 postrema
1007 1083 1094 1140 uerba
1110 1076 1279 1154 transponit.

183 1177 237 1234 stit
255 1174 355 1256 deinde
374 1185 489 1250 propter
507 1174 643 1247 feriarum
662 1176 839 1250 mentionem,
859 1193 942 1253 quam
962 1175 1072 1253 quidem
1091 1179 1208 1251 praeter
1226 1187 1280 1226 ruo·

184 1287 244 1327 rem
268 1268 348 1324 huius
368 1267 480 1325 tabulae
498 1269 550 1345 ipsi
567 1267 710 1340 fecerant,
737 1278 879 1326 mutarunt
897 1270 985 1347 ipsam
1005 1266 1148 1328 marmoris
1166 1263 1280 1340 scriptu·
1308 1267 1309 1272 ’

98 1405 102 1419 .
183 1377 255 1435 ram,
274 1360 327 1417 FN
343 1358 493 1418 FERetc.
514 1370 683 1436 posuerunt,
702 1361 803 1438 Fogg,
824 1361 930 1437 0rell.;
948 1362 976 1420 id
994 1362 1127 1438 flagitium
1147 1355 1281 1415 Graenios

182 1455 266 1514 etiam
289 1453 389 1523 babet,
414 1451 481 1511 dum
506 1454 616 1512 uidetur
641 1455 739 1512 mirum
765 1464 900 1532 quantum
925 1455 1000 1513 fideli
1026 1455 1151 1532 picturae
1171 1467 1282 1528 operam

182 1545 259 1606 dare.
291 1545 334 1604 Ea
353 1548 444 1605 omnia
462 1549 588 1625 imperite
603 1547 763 1619 milri-iacta
780 1547 919 1623 uidentur,
940 1558 969 1625 et
987 1551 1010 1605 si
1026 1563 1092 1606 uera
1112 1553 1220 1618 esseut,
1237 1542 1281 1599 bos

180 1631 279 1716 fastos,
298 1641 409 1719 opinor,
427 1639 464 1697 ad
479 1641 587 1699 Claudii
606 1642 672 1720 imp.
691 1652 818 1720 tempure
837 1640 1028 1700 detruderent.
1057 1639 1174 1716 Augusti
1195 1645 1282 1695 aetate

180 1753 253 1812 nego
273 1734 403 1792 credibile
420 1751 483 1792 esse
502 1733 712 1812 Hispaniensem
728 1736 794 1793 Didi
811 1736 939 1794 Caesaris
958 1735 1099 1794 uictoriam
1118 1749 1218 1790 mense
1230 1734 1282 1786 Διι·

106 1827 113 1842 ’
181 1838 264 1906 gusto
283 1828 449 1886 celebratam
468 1827 563 1886 luisse.
604 1828 705 1886 'l'radit
723 1829 778 1886 Dio
797 1828 926 1887 nuncium
945 1827 982 1886 de
1000 1847 1034 1886 ea
1052 1829 1172 1886 Romam
1192 1823 1281 1902 perla-

180 1929 239 1980 tum
259 1938 320 1978 esse
337 1919 427 1997 pridie
444 1919 563 1996 Parilia,
590 1929 620 1980 et
638 1917 839 1999 propter'›eam
859 1939 919 1982 rem
938 1923 1080 1980 Circenses
1100 1918 1183 1977 ludos
1203 1925 1282 1996 quot·

180 2013 260 2074 annis
278 2011 560 2073 Parilibusdecretos
578 2033 640 2073 esse
658 2016 708 2089 48,
723 2017 771 2073 42.
810 2018 867 2073 Aut
885 2015 968 2092 igitur
987 2014 1131 2072 tune-etus
1150 2011 1282 2070 uictoriae

178 2107 312 2167 memoria
330 2115 393 2165 acta
412 2114 474 2179 est,
500 2116 566 2182 aut,
592 2109 616 2165 si
633 2109 693 2165 dies
710 2109 788 2185 ipse,
813 2125 870 2186 quo
888 2107 1006 2180 accidit,
1024 2123 1105 2165 sacra
1123 2106 1282 2164 celebritate

177 2202 261 2262 edum
278 2200 391 2277 insignis
409 2197 473 2272 suit,
491 2199 568 2278 quud
587 2201 658 2258 tradi
673 2219 728 2260 non
743 2203 866 2276 memini,
884 2201 1067 2280 improbabile
1079 2217 1137 2259 nnn
1154 2196 1281 2271 dixerim,

176 2294 352 2376 quaerendus
371 2294 455 2362 estis
473 2294 531 2352 dies
551 2313 586 2354 eo
605 2291 695 2373 spatio
713 2295 911 2370 onerastis,
929 2313 988 2373 quo
1005 2313 1041 2354 ex
1055 2293 1189 2370 Hispania
1209 2293 1281 2350 litte·

177 2407 227 2448 rae
253 2386 371 2464 perferri
395 2396 563 2464 potuerunts
592 2389 621 2448 id
645 2389 765 2466 spatium
793 2387 878 2447 lirisse
904 2388 1087 2465 quadraginta
1112 2386 1172 2444 dies
1190 2385 1282 2445 Pollio

175 2481 260 2540 docet
278 2479 338 2537 OEc.
358 2477 480 2538 art-fam.
502 2483 550 2555 10,
569 2485 616 2539 33.
655 2481 812 2558 Trigen'nro
830 2492 910 2542 sexto
934 2492 1000 2539 ante
1018 2480 1120 2538 Parilia
1139 2479 1201 2554 die,
1230 2479 1280 2536 Li·

149 2567 154 2580 ‘
177 2573 328 2646 beralibes,
345 2570 532 2647 fragmentum
552 2574 755 2632 Farnesianorn
771 2575 822 2632 bas
841 2576 948 2634 litteras
966 2575 1105 2634 seruauits
1132 2572 1283 2632 CAESAR

176 2667 218 2725 HI
237 2705 246 2724 .
267 2705 277 2724 .
296 2704 324 2739 .,
349 2664 425 2742 quod
445 2664 526 2739 uide,
546 2683 612 2722 num
630 2665 685 2724 buo
703 2670 850 2745 pertineat.
891 2670 936 2728 De
954 2668 1100 2728 Pharnace
1119 2667 1194 2725 uicto
1215 2667 1282 2726 nibil

175 2758 262 2820 credo
279 2759 307 2815 in
325 2758 421 2817 iustos
434 2759 551 2816 relatum
567 2758 696 2818 Caesaris
708 2759 777 2831 dict.
789 2761 836 2818 uei
850 2765 965 2840 Augusti
982 2773 1119 2841 ternpore,
1138 2781 1197 2840 uon
1217 2765 1282 2842 quia

174 2856 235 2932 ipse
253 2853 359 2912 Caesar
377 2869 439 2912 earn
465 2851 607 2910 uictoriam
633 2854 827 2932 nilipeuderit,
847 2856 888 2912 uti
914 2867 995 2934 putat
1013 2856 1164 2934 Fogginius
1183 2866 1283 2914 contm

125 2977 139 2990 e
175 2948 272 3008 Dionis
290 2949 341 3022 ta,
360 2947 400 3003 48
417 2943 548 3003 disertum
567 2947 772 3024 testimonium,
798 2947 852 3008 ssd
867 2949 933 3027 quia
958 2948 995 3007 de
1013 2947 1088 3006 feriis
1107 2947 1175 3006 nibil
1195 2948 1283 3006 tradi·

175 3051 233 3103 tor.
271 3042 512 3100 Commemoratur
536 3039 608 3098 adeo
636 3057 670 3099 ea
696 3043 810 3100 uictoria
829 3043 857 3099 io
877 3043 1075 3120 posterioribus
1091 3041 1171 3100 iubs
1189 3042 1282 3111 nullis,

138 3151 141 3158 ’
174 3136 233 3197 nisi·
254 3136 448 3208 Amiterninis,
475 3133 525 3192 sed
551 3135 579 3192 iu
608 3135 651 3193 bis
678 3149 740 3192 com
767 3135 942 3212 Hispaniensi
967 3136 1115 3193 coniuncta
1139 3133 1179 3190 lV
1204 3134 1282 3194 Non.

173 3233 259 3308 Aug,
278 3249 336 3307 quo
353 3230 399 3288 die
416 3227 575 3286 Pharnaces
595 3229 684 3286 uictrrs
702 3246 764 3286 esse
782 3237 886 3305 potest.
924 3227 998 3286 Nam
1019 3245 1121 3288 nouem
1140 3230 1282 3286 mensibus

104 3363 107 3373 ι
172 3325 203 3386 in
221 3326 349 3400 Aegypto
368 3325 556 3400 consumptis,
584 3323 633 3400 qui
657 3321 811 3380 decumbat
827 3322 863 3379 ab
882 3320 1005 3383 adnemu
1025 3323 1083 3380 eius
1109 3321 1283 3400 paulopost

173 3415 288 3476 eaedem
306 3416 432 3493 Pompeii
451 3418 524 3473 circa
543 3411 748 3494 aequinoctium
765 3415 941 3491 autumnale,
962 3415 1019 3473 uid.
1039 3416 1161 3493 interpp.
1181 3413 1281 3473 Dionis

172 3515 223 3588 ⁴2,
243 3509 272 3581 5,
290 3518 387 3567 ooutm
412 3509 488 3566 illurn
514 3511 663 3566 exercitum
688 3511 781 3584 duait,
807 3509 925 3587 Appian.
947 3508 1012 3566 bell.
1033 3507 1138 3586 ciust,
1157 3509 1209 3582 90,
1229 3511 1280 3568 91.

169 3605 306 3681 Suspicor
334 3602 412 3660 banc
432 3601 574 3659 uictoriam
603 3611 669 3660 tunc
694 3603 806 3662 demum
837 3622 889 3662 sou
916 3601 962 3661 die
986 3603 1122 3660 celebrari
1146 3611 1282 3679 coeptam

171 3697 293 3776 publice,
310 3713 372 3753 oum
392 3695 419 3751 iu
439 3693 558 3752 eundem
576 3693 650 3752 diem
665 3699 799 3762 memoria
811 3696 1000 3776 Hispaniemis
1015 3696 1146 3756 uictoriae
1165 3694 1281 3754 amuda

172 3792 305 3883 mauslata
324 3800 408 3848 esset.
447 3787 607 3846 Claudius
599 3799 751 3866 rmperator
767 3809 861 3850 sacras
880 3789 1053 3848 celebritates
1071 3786 1207 3867 quasdam
1228 3807 1281 3846 ue·

173 3885 320 3955 tortiores,
347 3899 420 3962 quae
437 3882 466 3939 in
486 3882 594 3942 natales
612 3891 759 3960 parentum
785 3885 843 3944 dies
861 3881 1030 3956 inciderent,
1056 3884 1111 3940 alio
1135 3883 1281 3942 transtulit

172 3969 245 4036 teste
262 3977 354 4066 Dione
371 3977 422 4051 60,
438 3975 467 4034 b
506 3976 627 4072 Propter
640 3978 761 4036 Drusum
780 3979 873 4056 igitur,
893 3975 940 4035 uel
954 3976 1101 4034 Antoniam
1119 3983 1227 4054 natam,
1248 3983 1281 4035 ut

172 4071 245 4147 dini,
271 4080 320 4130 aut
339 4070 530 4146 Liberalibus,
556 4065 605 4131 aut
624 4070 776 4147 Pmdibus,
797 4069 984 4152 Hispaniensis
1003 4069 1120 4129 uictoria
1137 4087 1194 4128 una
1212 4088 1279 4128 cnm

172 4163 289 4226 Pontica
313 4165 455 4227 celebrata
480 4164 597 4244 posthac
622 4182 683 4228 esse
708 4165 827 4227 uidetru.
878 4161 975 4226 Ludos
999 4165 1097 4224 Mortis
1120 4173 1277 4243 equestrea
