2678 4668
69 274 74 282 “
183 283 311 358 oaxxvr
407 253 444 335 J
573 277 618 328 nn
640 273 779 327 unorum
800 273 909 332 raom
985 274 987 280 ’
1067 311 1070 318 .

184 453 221 497 ex
238 434 315 496 eninr
332 428 519 511 deputatione
536 423 589 492 iata
606 419 851 508 mprnprnpoitu
868 423 1166 506 fragmd'deoamptn
1183 418 1283 498 'nidoe-
1322 499 1323 510 ἵ

169 537 250 605 tur,
274 529 321 588 nix
346 524 412 584 satia
437 517 567 586 aeourato
592 541 655 582 eum
681 511 813 610 reguntur.
852 521 925 580 Nam
942 519 1013 580 lotoe
1029 518 1106 598 apud
1125 517 1284 579 Varronem
1322 577 1323 596 ,

187 619 308 683 extitirne
326 615 457 678 credibile
474 633 530 678 non
551 624 604 692 ert,
624 614 700 694 qnod
712 603 832 676 Ouidius
851 612 962 674 tradere
980 609 1101 685 uidetur,
1120 611 1212 670 Nonis
1223 612 1284 670 lun.

188 732 207 776 a
223 713 333 773 Sabinis
352 711 471 790 primum
490 706 588 766 aedem
606 709 686 766 irtam
705 709 823 787 potitam
843 724 920 768 esser
948 704 978 764 id
995 722 1031 764 eo
1049 703 1095 764 die
1112 704 1216 763 seriose
1233 705 1286 782 Sp.
1322 697 1323 778 l

187 805 358 868 Postumium
373 803 471 860 Album
483 800 666 880 Regillensem
685 817 760 859 anno
779 801 812 858 V.
831 800 867 860 C.
880 802 937 858 288
954 799 1053 858 ecimus
1071 815 1106 857 ex
1123 797 1210 856 Dion.
1223 799 1286 855 llal.

188 903 221 975 n,
235 904 283 960 oo.
320 896 378 967 Qut
397 911 466 954 uero
483 900 588 970 negant
606 913 623 952 a
641 893 752 953 Sabinis
771 893 855 952 ullam
874 877 971 960 nedem
990 890 1104 965 saetam,
1123 890 1289 948 refelluntur
1322 915 1323 972 3

190 989 347 1050 testimonio
366 983 532 1046 Tertulliani
547 984 587 1044 'ad
605 995 663 1044 nat.
684 990 714 1061 2,
729 988 764 1045 92
787 989 842 1045 Eat
859 992 886 1044 el
903 987 1014 1043 sinan
1031 989 1143 1060 propter
1159 983 1288 1060 terpito-

191 1083 297 1142 litatem
310 1097 402 1156 oropo
412 1073 506 1138 Plotio
519 1075 619 1150 sonmo
631 1085 800 1156 marr,
819 1097 902 1160 quem
922 1078 1013 1136 locum
1033 1076 1112 1134 nouit
1131 1077 1185 1134 iam
1200 1077 1288 1136 Hein-
1322 1093 1323 1168 l

191 1175 259 1251 eiua,
278 1189 371 1250 neque
388 1180 482 1254 tamen
500 1171 668 1246 emendanit,
688 1180 719 1230 ut
737 1177 865 1249 oportet:
883 1159 946 1248 rope
961 1171 1054 1230 Tatio.
1091 1169 1131 1228 Et
1149 1169 1221 1229 lineo
1238 1171 1289 1248 ip'-
1322 1197 1323 1225 r

193 1277 241 1328 tur
259 1267 386 1326 dirtinote
405 1275 435 1324 ot
453 1265 517 1339 alin,
535 1265 614 1323 uelut
631 1281 704 1342 quae
721 1264 867 1341 Dionysius
881 1265 901 1323 l.
915 1263 972 1322 ind.
987 1273 1017 1322 et
1030 1263 1114 1338 noe
1130 1263 1195 1320 coll.
1209 1263 1289 1323 Paul.
1322 1314 1323 1342 1

119 1341 124 1348 ’
192 1359 272 1418 Dino.
287 1359 337 1433 ao,
351 1363 367 1414 1
381 1357 477 1419 Muell.
495 1343 526 1416 et
544 1355 639 1414 liuius
654 1359 683 1427 8,
695 1353 735 1414 ‘20
753 1357 867 1432 habent,
886 1355 962 1435 apud
974 1355 1129 1413 Varronem
1143 1357 1289 1415 *extabant
1322 1356 1323 1430 i

193 1451 242 1510 Ex·
257 1450 329 1509 Liuii
348 1449 391 1509 liu
411 1451 515 1511 uerbirr
539 1451 617 1510 narei
634 1449 711 1510 ordor
733 1449 805 1524 fonti
820 1453 904 1528 potiti
921 1454 951 1508 in
969 1447 1070 1508 rnoollo
1088 1451 1177 1508 aanor
1192 1467 1292 1508 turario

196 1541 292 1606 undar
313 1544 432 1616 Quirini,
451 1561 617 1623 quamquam
640 1541 676 1600 de
694 1544 755 1621 ipra
771 1543 842 1602 aede
859 1543 933 1604 dieta
952 1542 1090 1618 uidentur,
1110 1540 1183 1620 qnod
1200 1541 1293 1618 nega-
1322 1555 1323 1576 ¹

195 1638 246 1698 bat
263 1636 404 1696 Nardinus
423 1643 453 1714 2,
472 1657 504 1716 p.
513 1639 572 1710 74,
597 1653 666 1699 caue
690 1644 784 1695 tamen
811 1645 888 1695 tanta
914 1634 1079 1694 confidentia
1098 1636 1135 1694 de
1153 1635 1215 1694 looo
1233 1631 1293 1695 eim

196 1729 341 1805 decernas,
358 1727 493 1808 atqne'fit
509 1745 527 1787 a
545 1728 660 1789 Saolrsio
680 1735 710 1805 1,
729 1749 760 1808 p.
771 1731 837 1788 1⁴7.
876 1729 977 1808 Neque
994 1729 1068 1788 eninr
1087 1727 1124 1786 de
1141 1729 1213 1786 rolle
1228 1726 1293 1786 dlu-

197 1824 272 1899 oinli,
288 1824 348 1882 niue
366 1822 497 1895 Martiali,
515 1823 563 1880 nti
582 1823 661 1882 eitam
677 1822 762 1882 suisne
780 1822 871 1882 Varro
890 1823 927 1881 de
945 1823 966 1884 l.
984 1821 1005 1882 1.
1024 1823 1056 1897 5,
1073 1820 1111 1878 52
1130 1819 1226 1897 tradit,
1244 1840 1294 1880 ne·

198 1933 254 1995 que
272 1914 309 1974 de
326 1913 397 1976 aude
415 1914 526 1984 Quirini
543 1915 690 1992 quiequam
710 1917 882 1994 exploratum
901 1933 962 1974 eoae
983 1914 1074 1973 uiden.

276 2007 366 2068 dedet
383 2007 523 2068 Mentis
550 2017 579 2065 et
605 2015 671 2067 nota
694 2020 738 2068 eet
763 2027 826 2068 oum
851 2009 923 2068 aede
940 2007 1097 2068 Venerin
1114 2007 1295 2084 Erycinae

157 2179 160 2184 .
200 2119 274 2172 anno
287 2101 324 2161 V.
336 2103 370 2162 C.
383 2102 451 2175 537,
470 2117 505 2158 ex
523 2100 598 2159 iussu
616 2101 748 2162 librorum
761 2103 969 2180 Sibyllinorum,
988 2102 1051 2160 Lin'.
1065 2105 1113 2169 22,
1123 2101 1153 2173 9,
1173 2108 1203 2157 et
1220 2111 1296 2158 utra·

200 2213 258 2276 que
278 2190 389 2254 biennio
407 2202 472 2273 post
489 2186 588 2253 eodem
606 2195 635 2252 in
655 2195 716 2254 loen
735 2196 864 2256 dedicata
883 2208 941 2272 θεῖς
964 2196 1028 2254 Liu.
1048 2198 1098 2266 23,
1117 2197 1168 2250 312
1195 2191 1296 2251 doum-

200 2291 258 2350 triri
275 2293 360 2350 mooli
377 2294 492 2348 naat-
507 2285 620 2346 orditur
639 2286 804 2360 dadloondir,
823 2293 916 2348 Manli
936 2288 1101 2358 octacilius,
1121 2280 1226 2344 Foditur
1242 2283 1296 2344 Vn-

201 2377 263 2442 t'rori
280 2385 430 2456 Eruoiaorr
456 2387 574 2456 ultuma
592 2383 622 2438 in
644 2377 778 2460 Capitolio
798 2389 855 2458 eet,
874 2383 967 2442 roaolt
984 2399 1041 2440 uno
1059 2379 1201 2438 neaerae.
1238 2377 1297 2437 Po-

201 2483 316 2532 tuernnt
334 2492 400 2551 ergo
420 2471 456 2530 de
473 2471 518 2529 nir
537 2473 651 2549 aedibus
668 2475 716 2533 illa
734 2476 867 2534 Varronis
890 2476 978 2534 uerba
1003 2474 1075 2548 dici,
1101 2489 1173 2550 quae
1192 2490 1228 2532 ex
1245 2472 1298 2530 line

203 2566 265 2646 ipro
282 2567 352 2624 libro
372 2564 526 2630 afferuntur
543 2583 564 2622 a
579 2566 683 2642 Virgilii
703 2569 873 2646 interprete,
900 2569 923 2626 si
947 2568 1049 2626 seilicet
1074 2565 1214 2624 hiemare
1232 2584 1298 2623 oon·
1322 2575 1323 2656 l

202 2668 284 2720 aneto
303 2659 542 2736 grammaticorum
568 2660 660 2717 locum
685 2661 721 2718 ab
746 2657 800 2720 alio
826 2660 946 2738 quodam
974 2669 1133 2738 excerptum
1152 2676 1299 2737 perperam
1322 2663 1323 2752 i

106 2815 107 2822 χ
206 2753 328 2832 eooepitr
352 2769 490 2828 nusquam
507 2751 598 2824 enim,
618 2753 693 2829 quod
713 2755 813 2827 nciam,
831 2752 942 2812 eundae
959 2753 1166 2830 dicuntur-ipsa
1187 2754 1298 2830 templa.

205 2846 249 2906 lta
266 2845 424 2925 saepissime
448 2862 566 2924 peceare
589 2841 830 2924 λεξιθηροῦντας
854 2851 920 2905 istor
944 2855 972 2905 et
997 2847 1097 2923 opinor
1122 2855 1246 2922 oomtat,
1273 2855 1301 2904 et

206 2958 301 3021 saepe,
320 2939 467 2998 nouissime
481 2937 556 3017 apud
569 2937 683 2997 Festum
696 2949 728 2998 et
738 2940 867 3016 Paulum,
887 2939 1068 3018 deprehendi,
1088 2957 1186 2998 uerum
1204 2941 1227 2998 ri
1245 2937 1300 3016 qna

206 3034 337 3110 enotani,
363 3032 529 3091 admnnum
549 3041 696 3092 nunaunt.
737 3029 889 3092 Varronem
915 3033 998 3112 igitur
1025 3034 1141 3091 ooniioio
1161 3033 1302 3110 utriunque

207 3127 284 3187 aedis
302 3125 480 3186 dedendum
498 3125 580 3184 etiam
599 3125 719 3186 eundem
737 3126 827 3198 diem,
852 3127 891 3185 Vl
909 3127 951 3186 ld.
971 3127 1033 3186 lun.
1052 3125 1213 3201 tradidisse3
1242 3125 1303 3182 for·

207 3226 282 3278 tanae
301 3222 383 3277 etiam
402 3237 513 3278 oausam
532 3217 647 3294 adiecit,
675 3219 751 3279 unde
774 3221 990 3298 intelligeretur,
1013 3237 1063 3277 cnr
1079 3238 1114 3278 ao
1133 3219 1181 3277 die
1198 3221 1305 3277 Martie

206 3311 238 3368 ia
256 3310 391 3388 Gomlnlio
417 3331 526 3372 eaerum
552 3313 581 3370 in
605 3313 700 3370 tabula
724 3313 805 3372 Mati.
826 3323 855 3372 et
874 3315 978 3373 Venus.
997 3321 1162 3383 annotetur,
1188 3311 1304 3371 Veneris

202 3403 345 3479 ‚Erycinae
362 3423 418 3463 non
444 3415 565 3465 notetur.
610 3405 807 3464 neamenim
833 3405 917 3466 aeder
937 3393 1070 3474 ,restituta
1096 3405 1208 3464 uidetur
1234 3406 1305 3462 rura

208 3514 312 3555 annum
336 3496 374 3554 V.
393 3497 427 3557 C.
447 3501 505 3556 650
530 3499 566 3556 ab
589 3499 706 3556 Aemilio
730 3497 856 3574 Scauro,
883 3499 943 3557 Cio.
963 3498 1000 3556 de
1017 3509 1076 3558 nat.
1096 3498 1175 3556 deor.
1201 3501 1234 3574 2,
1252 3501 1305 3572 ²³3

114 3594 117 3602 “
209 3588 352 3650 Plntnroh.
372 3589 409 3650 de
423 3588 493 3648 sort.
511 3589 568 3648 Ro.
583 3593 649 3651 nd.
688 3590 807 3650 Ouidius
825 3595 926 3665 &871
941 3611 983 3670 oq.
1002 3592 1082 3650 irtam
1100 3593 1218 3652 Venerit
1235 3591 1323 3666 Ery-l

210 3683 289 3742 rinae
307 3684 336 3743 in
351 3683 489 3762 Capitolio
509 3681 606 3742 nedem
625 3701 669 3752 er
681 3684 900 3743 decemuirorum
918 3703 1050 3763 responso
1068 3685 1172 3744 tactam
1190 3684 1308 3744 confun-

210 3773 253 3834 dit
271 3797 333 3836 cnm
351 3777 463 3838 Venere
482 3775 602 3852 Erycina
620 3786 686 3836 ante
704 3789 814 3856 portam
832 3777 981 3853 Collinam,
1000 3780 1119 3856 regionis
1138 3779 1185 3837 uel
1203 3787 1308 3850 sextae,

210 3869 260 3926 uel
276 3871 391 3947 quintae
409 3869 500 3942 (Rufo
518 3855 593 3927 eninr
613 3880 641 3929 et
653 3871 758 3929 Victori
776 3869 843 3928 nihil
863 3871 1038 3933 tribuendum
1057 3875 1124 3946 eut),
1143 3889 1218 3950 qnae
1234 3833 1323 3928 faeni

167 3971 169 3979 ’
210 3969 254 4019 eet
271 3961 356 4021 aedes
375 3980 449 4022 anno
468 3963 504 4023 V.
519 3963 553 4022 C.
574 3963 644 4039 571,
662 3965 726 4024 Liu.
744 3966 793 4035 to,
807 3965 855 4022 34.
895 3964 970 4024 Nam
989 3965 1064 4046 qnod
1085 3965 1171 4042 tradit
1190 3965 1227 4024 de
1244 3979 1310 4022 ων-

210 4041 283 4114 atae
301 4053 423 4128 Sibyllae
446 4057 474 4114 in
493 4057 562 4116 illud
582 4067 689 4117 tantum
708 4060 842 4137 templum
860 4059 999 4136 quadrat,
1024 4070 1134 4138 tempus
1160 4075 1230 4118 nero
1247 4063 1311 4134 port

212 4157 310 4229 raptae
328 4148 480 4228 Syracusas
498 4151 564 4210 huin
588 4153 641 4212 ooli
666 4145 807 4213 donnanit.¹
846 4152 944 4220 Quare
968 4155 1013 4214 uel
1036 4153 1111 4212 hano
1137 4153 1176 4211 oln
1200 4166 1310 4211 onnam
