2636 4678
380 265 391 292 '
407 303 581 352 aaronica
602 302 710 352 ovrnu
1050 307 1110 356 m

51 411 1108 536 murmannus-spammetiunnummuu

51 559 243 720 mhmbnbbm,
261 659 334 722 quae
352 641 483 719 Ouidius,
501 643 524 702 si
542 642 630 702 laetos
649 641 729 705 blaff.
749 641 887 720 conseras,
906 641 1011 712 desno
1029 645 1109 702 addi·
1139 721 1145 736 Ι

52 731 104 791 lisso
120 735 230 812 uidetur,
248 737 380 796 trifariam
398 739 569 796 diuiduntur.
598 738 671 796 Sunt
687 737 762 796 onim
780 745 830 794 aut
847 735 945 811 ienae,
963 736 1110 798 indietiuas

51 829 197 905 pnesertim,
219 827 371 910 dequibus
390 829 464 888 infra
485 839 583 908 agetur
601 833 674 890 inter
691 831 848 908 fragmenta
866 829 997 888 Varronis
1016 847 1109 890 rerum

52 919 171 979 diuinarum
189 923 246 982 libri
259 943 334 995 vnn,
354 925 401 984 uel
419 925 584 1002 templorum
603 932 730 982 uetustae
745 923 943 997 dedicatIones,
961 921 1110 1000 dequibus
1210 927 1212 935 ’

51 1015 206 1092 exponendum
224 1028 266 1077 est
283 1021 311 1077 in
332 1019 406 1077 libris
425 1017 558 1077 Varronis
581 1035 601 1076 1·
620 1028 649 1076 et
668 1036 723 1076 vus
747 1026 796 1076 sut
814 1001 879 1075 ruint
897 1005 1042 1090 bubuco,
1061 1023 1111 1075 aut

52 1111 207 1184 astronomica,
225 1111 261 1170 de
279 1113 379 1190 quibus
398 1111 523 1188 utrisque
542 1109 596 1169 lton
614 1110 676 1169 loco
695 1111 880 1190 disputabitur
898 1107 1079 1168 oommodius.

103 1203 268 1282 consignavit
291 1207 374 1283 igitur
393 1203 510 1262 Ouidius
529 1221 574 1262 res
592 1213 698 1280 gestas,
724 1221 793 1282 quas
812 1203 1014 1281 deprompsisse
1033 1203 1111 1262 uide·

53 1303 84 1352 tur
97 1307 136 1354 aut
151 1316 182 1355 ex
200 1299 266 1356 actis
284 1297 406 1358 Senatus
424 1298 467 1356 sui
486 1299 636 1376 temporis,
655 1307 704 1356 aut
722 1315 757 1356 ex
775 1298 914 1356 annalium
932 1297 1111 1374 scriptoribus

51 1387 133 1450 mune
145 1390 358 1469 triumphalibus,
373 1391 419 1448 uel
430 1392 628 1468 antiquioribus
641 1389 776 1450 fastorum
790 1389 890 1448 tabulis
902 1390 1111 1468 interpretibus·

52 1499 96 1557 que.
118 1483 460 1562 ctr.0u.1,7-1o,1t.
490 1483 568 1542 Nihil
585 1485 658 1544 enim
676 1485 704 1542 in
723 1484 766 1542 bis
784 1492 838 1558 est,
857 1483 924 1562 quin
943 1495 992 1542 aut
1006 1485 1130 1562 iprum,

53 1587 87 1634 out
98 1578 244 1638 simillimum
263 1579 324 1636 eius
341 1577 489 1636 intabulis
507 1578 585 1654 aliis,
609 1579 806 1656 posterioribus
825 1587 917 1638 tamen
935 1577 1112 1655 plerumque,

54 1669 139 1730 utne
153 1674 262 1750 probari
279 1671 380 1750 pontit.
416 1671 449 1730 111
467 1669 614 1732 Maffeanis
639 1691 708 1732 saue
726 1673 878 1732 Caesam
904 1679 1012 1730 tantum
1036 1669 1112 1730 saeta
1175 1743 1187 1757 Α

53 1771 161 1825 mustus
189 1767 287 1846 quibus
314 1765 399 1824 titulis
426 1784 498 1844 quos
523 1766 623 1825 similes
651 1765 719 1825 alios
745 1764 864 1826 Ouidius
891 1765 996 1824 addidit
1021 1764 1112 1842 primo

51 1854 93 1913 loro
106 1860 313 1932 reoensebimus,
334 1859 464 1937 quoniam
483 1857 519 1918 de
536 1877 587 1922 ara
604 1859 702 1930 Paris,
720 1859 883 1938 pontificatu
903 1859 1025 1938 lugon,
1042 1859 1113 1918 tuus

51 1947 117 2026 uicto,
131 1971 207 2032 supra
226 1963 320 2012 artum
339 1961 392 2012 est.
430 1952 476 2011 Ex
494 1953 624 2031 quinque,
643 1973 717 2032 quae
735 1963 853 2031 restant,
872 1954 1007 2014 lemmatis
1026 1971 1112 2014 unum

50 2039 114 2103 ue.
129 2047 271 2105 Caesam
291 2045 430 2124 perfluet,
450 2045 550 2105 caedes
567 2047 626 2106 eius
643 2047 736 2107 Idibus
755 2019 883 2124 blurtiis,
900 2047 945 2106 die
963 2046 1113 2125 parricidii,

51 2134 78 2191 uti
90 2135 217 2200 Suetonius
235 2140 302 2198 oiim
322 2139 351 2198 in
369 2139 448 2198 lastis
466 2141 636 2200 nominatum
654 2141 749 2220 prodit
767 2143 850 2201 Caes.
868 2145 925 2216 88,
950 2150 980 2199 et
997 2149 1060 2198 atro
1078 2157 1114 2198 ao

24 2247 25 2254 ¹
50 2229 157 2309 religioso,
181 2233 387 2293 triumuirorum
406 2233 498 2293 edicto
521 2235 673 2294 secundum
693 2237 812 2294 Dionem
830 2237 878 2304 47,
901 2237 955 2292 181
983 2229 1036 2292 stul
1055 2225 1112 2310 τὴν

51 2308 179 2402 luniparia
196 2312 412 2410 ¹blpoerrillrp,
437 2322 545 2406 κυρίαν
564 2319 613 2386 niel
630 2347 704 2388 ποτε
723 2315 816 2406 ἕδραν
833 2315 953 2405 βουλῆς
970 2317 1114 2403 tyronus,

51 2405 181 2498 ἇποφράδα
198 2415 359 2500 ἐνόμισαν.
399 2421 534 2481 Neutrius
559 2431 653 2480 mmet
673 2423 714 2480 rei
734 2421 878 2500 uestigium
896 2423 924 2481 iu
943 2421 1021 2481 fastis
1038 2421 1113 2482 Mat-

51 2503 118 2582 tunt,
133 2525 176 2572 aut
193 2503 271 2596 apud
291 2514 433 2576 Ouidium.
473 2515 568 2592 Negat
587 2515 670 2574 etiam
689 2515 856 2575 Vaassenius
873 2519 971 2595 [1246
990 2531 1113 2595 uuquam

51 2599 148 2663 dunodi
170 2610 234 2686 qnid
261 2612 291 2670 iu
317 2608 404 2670 fastos
429 2609 547 2675 relatum
572 2594 657 2668 fuisse
683 2619 713 2667 et
736 2610 887 2687 praeterito
906 2610 1031 2670 Suetonii
1050 2600 1116 2668 loeo

50 2688 134 2756 11111111
149 2703 286 2779 explicare
304 2712 421 2760 conatur
440 2721 474 2759 ex
492 2703 547 2761 alio
566 2703 628 2762 loco
647 2702 697 2780 45,
718 2707 772 2762 171
799 2697 872 2762 οὐδὲ
890 2705 947 2780 τῆς
966 2695 1114 2782 ἀποφρά-

51 2779 87 2854 lug
101 2785 128 2849 si
143 2788 184 2870 μὴ
204 2791 236 2854 ἐν
256 2790 386 2864 ἐκείναις
408 2793 634 2870 βουλεῦσαι-
655 2791 843 2874 ἀπέσχοντο,
870 2799 917 2856 ubi
943 2789 1114 2877 ἀποφράδα

50 2883 121 2960 arripit
135 2887 202 2946 diem
220 2888 331 2947 senatui
352 2888 480 2948 babendo
499 2911 554 2950 nou
573 2891 720 2968 idoneum,
747 2893 922 2953 comitialem.
959 2891 1064 2950 Verum
1083 2900 1114 2950 nt

50 2971 201 3040 ibirsselitur
220 2981 471 3058 ansoualdus,
490 2986 535 3043 unt
551 2985 628 3060 utne,
647 2997 677 3045 et
695 2987 724 3044 tn
741 2985 783 3046 m.
802 2987 886 3044 Mart.
906 3003 1020 3064 operam
1039 2985 1114 3054 tuns,
1131 2969 1144 2988 ·’

50 3066 164 3139 quiriuli
180 3073 314 3134 bldffeuni
340 3076 424 3152 longe
448 3087 538 3154 sunt,
558 3098 641 3158 quam
667 3088 766 3158 putat,
794 3081 970 3138 recentiores.
1009 3072 1115 3156 Vtique

50 3155 107 3233 igitur
120 3167 140 3223 si
152 3167 291 3246 Augustus
309 3187 366 3226 uon
384 3188 480 3229 omues
499 3170 557 3230 dies
576 3182 650 3231 atros
665 3191 692 3232 a.
707 3172 742 3235 V.
753 3175 792 3252 ¹C.
808 3175 867 3230 746
887 3171 1019 3245 aboleuit,
1038 3169 1114 3249 quod

50 3267 109 3328 *1111
124 3263 339 3337 ooniioiebamus,
359 3262 427 3321 illud
446 3263 483 3322 de
499 3257 652 3342 partisidia
665 3266 806 3326 decretum
820 3267 893 3324 inter
908 3265 1113 3326 triumuirorum

51 3341 141 3410 induta
157 3364 227 3429 erat,
246 3373 319 3434 quae
338 3357 477 3434 Augustus
495 3376 522 3417 a.
538 3360 573 3418 V.
585 3362 643 3417 726
662 3361 815 3440 autiquauit
833 3368 903 3420 teste
915 3359 1007 3420 Dione
1021 3360 1070 3433 53,
1083 3363 1114 3430 2,

51 3437 178 3506 tui‘otimum
196 3447 315 3507 famose
333 3458 411 3508 ratus
423 3450 609 3511 adulationem
628 3453 767 3532 publicam
782 3455 928 3534 compesci.
958 3455 1029 3512 Hinc
1042 3452 1114 3518 Ouia.

48 3525 92 3590 dius
110 3537 175 3597 inter
199 3541 281 3602 istam
306 3552 430 3602 ueterem
453 3541 638 3606 adulationem
664 3567 823 3628 nouumque
846 3535 1008 3627 obsequium
1028 3545 1115 3606 ambi«

49 3638 115 3704 1111,
135 3631 258 3713 dubitat,
283 3644 496 3715 praetereatne,
521 3655 558 3694 an
582 3652 779 3702 commemoret
803 3642 870 3724 illud
888 3642 1004 3702 lacinus.
1043 3641 1113 3700 Per·

48 3720 143 3796 equor
166 3736 259 3788 umen
283 3739 409 3788 mutuato
429 3748 447 3788 a
467 3729 611 3793 Simonide
632 3736 725 3795 colors
752 3737 800 3795 da.
816 3737 913 3796 umbra
932 3736 1059 3799 Caesaris
1086 3742 1115 3794 et

49 3815 158 3912 mentione
181 3820 256 3880 laeta
273 3824 375 3882 maturi
391 3841 593 3906 ¹percussorum
619 3828 741 3892 omnium
765 3829 911 3905 interitus,
939 3830 1116 3890 intraturo
1170 3855 1174 3862 ⁴

49 3915 118 3982 uum,
142 3921 172 3972 ut
198 3915 283 3976 tradit
301 3917 419 3977 Sueten.
439 3917 521 3977 Caes.
539 3922 589 3981 89.
621 3921 667 3979 De
685 3939 720 3980 ea
746 3921 841 3981 sabula
865 3923 911 3981 adi
929 3923 1046 3982 Diouem
1066 3921 1116 3996 44,

50 3995 89 4068 ¹⁴3
108 4003 208 4082 ⁴8,38,
220 4010 275 4092 493
302 4012 476 4088 47,29,31;
503 4007 550 4085 48,
567 4016 639 4090 1‚7,
656 4019 711 4090 173
735 4016 788 4091 bl,
801 4019 838 4094 83
863 4018 981 4094 Appiam.
1000 4023 1031 4092 2,
1048 4020 1116 4088 113,

51 4089 104 4168 1193
125 4097 218 4161 Vellei.
237 4107 331 4180 2‚88;
357 4103 507 4165 Weiobert.
527 4106 563 4166 de
583 4107 679 4166 Cassio
695 4108 837 4168 Parmensi
855 4129 885 4188 p.
899 4111 957 4173 2110
970 4131 1017 4188 sq,
1041 4107 1116 4167 Nilril

52 4195 169 4258 boutema
187 4198 305 4272 ooruspt
323 4199 350 4256 in
371 4198 423 4262 illis
443 4201 566 4266 uersibuo
584 4202 756 4282 notandum,
775 4204 827 4266 nisi
845 4202 881 4270 ds
900 4203 969 4268 aede
987 4204 1023 4269 D·
1042 4198 1116 4274 lolii,
