2678 4668
459 359 461 369 1
515 288 667 342 rvnorcrs
1044 291 1146 357 csxrx
1251 313 1254 330 ·

77 439 345 513 ructuantium,
360 440 441 522 ρ.55
460 458 526 500 ann.
541 441 588 512 53,
607 460 660 520 pro
672 431 836 526 merresta
848 436 943 502 babila
955 439 1048 504 fuerit.
1074 443 1145 506 cera

78 544 156 594 menta
172 535 345 598 etllcrcules
364 555 431 596 num
453 554 488 593 eo
507 533 591 594 modo
610 535 746 597 coniuncti
765 533 868 594 fuerint
885 553 979 610 mero,
1002 543 1085 615 quem
1107 538 1146 600 ad

78 627 176 686 modum·
188 627 279 686 fabula
295 629 460 706 copulantur
478 629 513 686 ab
534 627 636 688 Ouidio
656 633 684 704 1,
697 627 754 687 583
776 636 805 686 ct
821 627 951 705 Dionysio
971 629 1035 688 iial.
1055 635 1083 701 1,
1094 633 1145 708 to,

80 737 107 778 an
122 729 219 781 tantum
232 722 378 782 Carmenta
397 741 459 782 cum
475 721 608 780 Euandro
627 723 737 780 Graeca
756 720 920 804 traditione,
932 721 1065 782 Euander
1082 743 1146 784 cum

78 813 179 874 Hercule
190 815 325 874 uicinitate
342 816 506 874 sacellorum
518 834 608 894 prope
621 825 731 894 portam
742 816 941 894 Trigeminam,
960 813 1017 872 uid.
1030 813 1146 891 Dionys.

80 908 155 980 l,32,
169 911 285 985 pane
304 917 333 966 et
352 928 377 967 c.
389 911 436 981 39,
456 927 485 986 p.
497 913 622 984 100,14,
641 909 669 968 id
688 911 716 967 in
735 909 826 968 medio
845 910 981 986 relinquo.

136 999 218 1078 Pergo
237 1001 273 1060 ad
289 1019 368 1061 sacra
383 1021 440 1062 non
458 1009 532 1060 tecte
547 1020 565 1060 a
578 1011 663 1080 poeta
672 1001 803 1078 indicata,
822 1002 872 1060 sed
886 1001 951 1060 data
963 1018 1049 1079 opera
1064 1019 1145 1060 enar-

79 1100 138 1167 rata,
159 1113 270 1172 quorum
292 1096 413 1174 primum
436 1103 496 1153 esto
514 1094 548 1170 id¹
570 1113 674 1172 genus,
701 1096 776 1174 quod
800 1095 884 1154 leriae
907 1115 963 1154 nnn
981 1094 1078 1154 habuit
1096 1094 1147 1154 ad·

79 1183 178 1264 innuas,
200 1207 316 1269 eamque
339 1191 375 1247 ob
402 1207 512 1270 causam
531 1189 566 1246 »in
591 1189 669 1248 lastis
694 1189 807 1268 lapideis
832 1208 888 1247 non
913 1200 1064 1267 comparet.
1102 1188 1147 1250 De

80 1296 140 1338 acro
154 1283 262 1342 lielerni
280 1289 313 1357 2,
325 1283 363 1339 67
382 1300 439 1359 qno
467 1300 553 1360 usque
579 1283 758 1342 coniectando
783 1282 1015 1361 progrediendum
1037 1283 1147 1361 putaui,

80 1370 101 1428 id
115 1371 159 1432 ieci
174 1373 255 1455 sopra
273 1395 304 1454 p.
319 1393 438 1434 cxurxr
456 1375 604 1439 audaciora
616 1376 725 1454 scripsit
739 1377 898 1452 Hamungus
911 1381 941 1450 2,
951 1377 1001 1450 58,
1020 1377 1067 1455 qui
1081 1380 1157 1437 cao-¹

80 1481 124 1524 ten
138 1486 187 1526 non
204 1469 349 1544 reddidit,
360 1487 411 1526 cur
429 1469 549 1536 Luceria
568 1487 630 1527 cnm
649 1487 744 1528 mense
762 1470 831 1528 lulio
854 1470 929 1528 clare
948 1468 1101 1529 indicentur
1119 1471 1149 1530 in
1190 1495 1191 1500 ¹

80 1554 322 1638 incunabulis,
346 1581 420 1640 quae
439 1571 562 1638 restam,
588 1563 742 1622 Februario
766 1580 860 1621 mense
882 1564 1147 1642 praetermittantur.

81 1646 115 1706 De
128 1653 193 1712 ferali
207 1666 340 1734 tempore
360 1655 459 1716 eodem
478 1674 573 1717 mense
587 1655 643 1714 dixi
657 1676 741 1736 supra
754 1675 784 1737 p.
794 1675 907 1714 xxm
920 1675 963 1734 sq.
995 1656 1061 1715 Non
1078 1675 1150 1735 poe·

81 1741 156 1804 nitebit
171 1748 204 1806 ad
228 1750 281 1808 loci
307 1751 369 1808 eius
386 1749 518 1810 Ouidiani
542 1750 710 1818 intellectum
736 1749 872 1828 quaedam
897 1749 1023 1810 adiicere.
1063 1749 1149 1820 Quod

80 1833 268 1902 demonstratum
287 1845 380 1919 ibam,
406 1843 465 1905 dies
487 1842 610 1902 nefastos
635 1843 708 1910 ultra
727 1843 792 1902 Idus
809 1842 974 1904 Februarias
992 1852 1022 1902 et
1039 1843 1150 1924 Luper·

80 1925 134 1990 calla
148 1939 317 2012 pertinuisse,
330 1937 366 1996 id
385 1937 494 2008 clarius,
514 1956 596 2016 qnam
618 1955 687 2015 quos
707 1937 830 2011 adhibui,
849 1947 974 2018 testatur
984 1936 1148 1996 Plutarchus

79 2020 143 2083 bon.
159 2033 211 2088 21ιΙ
237 2025 287 2089 Tri
305 2024 344 2090 di
363 2023 587 2106 Λουπερκάλια
607 2029 651 2112 τῷ
667 2024 726 2105 μὲν
748 2021 854 2111 χρόνῳ
874 2021 989 2100 δόξειεν
1013 2019 1150 2096 darive:

80 2113 220 2199 καθάρσια.
254 2121 368 2201 δρᾶται
393 2117 452 2203 γὰρ
477 2121 508 2184 έν
529 2115 657 2201 ἡμέραις
677 2116 837 2200 ἁποφράσι
857 2122 912 2180 τοῦ
934 2116 1149 2201 Φεβρουαρέοα
1187 2173 1190 2180 ,

79 2206 162 2292 arria.
200 2218 222 2276 li
246 2237 316 2278 uero
341 2218 400 2278 dies
424 2220 546 2296 religiosi
562 2237 579 2276 a
595 2217 731 2288 Kalendis
757 2216 935 2275 decurrentes
960 2227 1031 2275 teste
1055 2217 1149 2276 tabula
1175 2258 1177 2264 ,

80 2301 192 2370 busana
210 2331 277 2370 num
297 2330 394 2372 omnes
412 2313 514 2372 ferales
529 2312 595 2369 dicti
613 2311 727 2385 fuerint,
745 2329 782 2368 an
801 2310 837 2367 ab
850 2309 943 2367 ldibus
961 2318 1068 2374 tantum
1087 2329 1150 2370 eam

80 2405 266 2477 appellationem
293 2404 469 2480 admiserint,
495 2405 578 2463 ualde
602 2404 634 2463 lit
656 2404 771 2473 dubium
789 2421 824 2464 ex
842 2403 928 2462 Laur.
949 2401 1020 2479 Lydi
1038 2407 1101 2463 loco
1119 2407 1150 2476 4,
1168 2464 1171 2480 ,

81 2495 117 2569 24,
132 2516 156 2574 p.
168 2503 234 2558 176:
259 2496 369 2567 Eidoic
392 2493 628 2578 Φεβρουαρίοις.
664 2488 724 2556 cinti
745 2485 860 2574 ταύτης
879 2495 935 2572 τῆς
953 2480 1070 2574 ἡμέρας
1082 2491 1150 2556 ,ἀπὸ
1246 2489 1248 2504 ’

80 2578 144 2662 ὧρας
159 2586 243 2672 έντης
262 2586 316 2652 διὰ
335 2587 393 2663 τὰς
416 2591 477 2652 τῶν
496 2583 721 2666 κατοιχομένων
736 2583 817 2666 χοὰς
842 2583 881 2649 τοὶ
900 2583 967 2670 iepd
986 2583 1152 2671 νατησφα-

81 2674 181 2763 λέξοντα,
199 2685 249 2748 καὶ
267 2683 298 2746 oi
318 2679 465 2765 ἄρχοντες
484 2681 516 2744 έν
531 2675 672 2764 σχήματι
686 2681 816 2744 ἰδιωτῶν
832 2675 986 2765 προήισαν
1005 2675 1077 2762 ἄχρι
1097 2683 1152 2762 τῆς

80 2769 124 2849 πρὸ
145 2773 219 2841 iared
243 2777 398 2842 καλενδῶν
422 2776 586 2858 Μαρτίων.
630 2781 774 2840 Postrema
800 2781 904 2855 uerba,
923 2779 1022 2858 quibus
1040 2779 1152 2838 Feralia

80 2865 137 2928 inuti
156 2877 384 2956 exsequentibus
409 2885 505 2954 patet,
531 2892 652 2940 errorem
677 2875 783 2933 numeri
803 2874 952 2932 continent.
990 2873 1109 2951 Reliqua
1127 2872 1152 2931 si

79 2958 143 3024 fidem
157 2982 304 3046 merentur,
324 2987 420 3030 uersus
435 2965 566 3028 Ouidiani
578 2968 635 3026 557
648 2987 711 3046 sqq.
730 2959 870 3048 pertinent
890 2965 925 3023 ad
946 2967 1081 3044 populare
1094 2965 1151 3024 Pa·

80 3060 199 3120 mentium
225 3082 351 3137 sacrum,
376 3080 428 3120 nec
453 3060 610 3140 discrepant
634 3061 812 3120 aCiceronis
838 3057 874 3116 ad
892 3058 950 3116 Art.
969 3058 1041 3138 loco.
1068 3055 1157 3116 ¹Dies'

79 3158 152 3212 tutem
171 3157 272 3216 nefasti
289 3157 424 3214 lastomm
443 3153 523 3213 Maff.
543 3153 711 3214 antecedunt
729 3151 903 3227 Parentalia,
930 3167 1012 3229 quem
1034 3147 1069 3228 ad
1088 3167 1152 3208 mo·

80 3237 130 3302 lun
144 3247 297 3310 Parentalia
314 3249 425 3308 Feralia
448 3247 562 3326 proprie
586 3246 669 3305 dicta.
708 3244 774 3303 Dies
798 3245 897 3322 quibus
920 3243 1019 3302 ancilia
1032 3255 1166 3302 monent

79 3341 122 3414 lut,
138 3343 245 3404 aLiuio
262 3347 311 3421 37,
322 3348 362 3402 33
381 3349 619 3416 commemoratos,
639 3339 728 3398 noluit
747 3335 864 3396 Ouidius
880 3342 909 3411 3,
924 3335 979 3400 395
999 3334 1152 3394 accuratius
1175 3337 1178 3352 ⁴
1264 3357 1269 3368 ·

79 3423 216 3508 deipsis:
234 3436 369 3498 inlamtos
387 3436 489 3514 nuptiis
509 3452 570 3494 esse
588 3438 692 3492 monet.
735 3423 1012 3510 Τριακονθήμερον
1031 3427 1154 3487 nominat
1213 3505 1218 3510 ι

78 3515 186 3600 Polybium
203 3542 328 3610 excerpt.
346 3532 431 3608 legat.
452 3547 476 3589 c.
491 3533 529 3588 23
536 3549 551 3588 e
571 3526 601 3585 id
626 3534 716 3584 totum
740 3542 862 3586 mensem
881 3525 1011 3584 Martium
1025 3541 1026 3544 ¹
1038 3517 1153 3596 intelligi

79 3627 122 3673 Μ
137 3631 175 3680 est
191 3641 305 3684 nermo
324 3634 440 3702 propter
464 3621 620 3700 interpretis
640 3618 787 3677 Horatiani
810 3619 901 3679 locum
920 3618 1006 3697 paulo
1024 3613 1152 3693 superius

79 3710 194 3792 mitum,
219 3737 277 3797 quo
294 3718 383 3778 nnus
402 3724 432 3776 et
449 3716 566 3775 Martius
584 3731 692 3774 menses
716 3713 819 3791 nuptiis
843 3711 955 3771 infausti
973 3708 1153 3772 dicebantur:

80 3793 162 3863 Mittis
178 3809 250 3870 enim
270 3813 327 3872 eius
345 3811 483 3888 religionis
507 3810 653 3870 terminum
677 3805 839 3865 uidebamur
861 3801 1072 3884 deprehendere
1091 3800 1154 3860 Tu·

80 3886 222 3978 lintrium,
240 3902 324 3964 ferias
338 3903 419 3977 fortis
431 3903 505 3974 deoc,
522 3902 665 3962 Mineruae
680 3901 739 3958 siue
752 3899 884 3969 Nerinae,
903 3898 979 3958 cuius
992 3914 1054 3954 cnm
1063 3893 1155 3956 Marte
1224 3937 1227 3947 .

82 3997 199 4056 tuanen
216 3988 305 4074 ἤχοις
323 3991 427 4056 ὅπλων
446 3992 497 4054 καὶ
517 3986 674 4072 σάλπιγξι,
693 4001 726 4050 ut
744 3993 784 4051 ait
799 3990 913 4072 Lydus,
931 3987 999 4050 Salii
1016 3982 1156 4068 prosecuti

81 4072 175 4150 lmine.
209 4087 357 4167 Dionysius
374 4091 440 4148 Hal.
459 4094 488 4161 2,
500 4091 554 4147 7οι
573 4078 664 4164 ἑορτή
685 4078 720 4144 δέ
740 4075 842 4144 αὐτῶν
860 4079 905 4154 έςι
923 4076 992 4159 περὶ
1010 4073 1049 4140 soi
1063 4071 1156 4136 ssav-

84 4167 211 4261 ῦθὴνοιο,
230 4185 276 4268 τῷ
293 4176 472 4268 καλουμένῳ
491 4176 651 4265 Μαρτίῳ
670 4172 777 4261 pari,
802 4171 972 4260 δημοτελὴς
991 4168 1049 4238 ini
1066 4165 1156 4232 noi·
