2688 4680
501 359 655 413 canneru
877 353 882 364 “
1017 373 1132 428 ccxxv

40 504 194 571 Μήδωνι
211 509 361 582 moruus,
380 519 466 590 atque
483 511 513 574 in
530 515 650 576 eundern
669 533 779 598 sensum
796 519 896 581 addc
914 535 1030 598 onom
1045 531 1131 590 nm

43 609 126 665 Varro
145 605 212 664 dusu
231 605 312 682 quod
330 603 370 682 od
386 605 533 667 colorolas'
547 612 672 670 rotiom
689 609 793 684 reform
810 616 927 673 conatur
939 643 993 688 -,
1011 626 1043 677 et
1054 622 1130 695 8,dr

41 699 1130 779 deo,qooci'orroeelisaoorisquosindooelomrttorromrcrom-

40 807 82 865 pa
105 789 268 849 modos
294 794 400 854 umaro
425 798 459 851 ot·
479 800 559 852 coms
583 797 781 876 irmrprstom
806 804 848 856 est
867 830 909 876 .··
934 801 986 862 olii
1006 803 1129 880 plorimi,

40 899 98 957 qnos
119 885 212 942 Vorro
231 889 347 944 ooootur
365 884 403 944 od
423 886 519 946 muudi
544 895 640 964 portes
664 892 724 948 sios
748 887 879 952 msa
903 893 1057 969 uousfma
1072 929 1129 961 -.
1174 891 1177 900 ¹

39 971 94 1032 Non
112 975 276 1051 intelligitur
293 987 386 1036 utrum
410 980 453 1038 bia
475 989 599 1056 tantum,
628 1001 664 1040 an
689 991 750 1042 toto
774 983 847 1044 libro
871 1005 938 1046 eum
961 987 991 1045 iu
1015 985 1130 1050 modurn

39 1065 118 1126 Varro
137 1067 320 1147 disputauerit
337 1081 366 1130 et
384 1081 477 1132 tamen
496 1077 525 1132 in
549 1083 628 1134 tanta
647 1094 765 1152 eorum,
790 1095 864 1156 quac
881 1079 989 1140 Punica
1010 1079 1128 1143 hominia
1223 1133 1225 1140 .
1330 1119 1331 1130 κ

39 1159 145 1236 perfidis
164 1164 315 1242 excerpsit,
340 1165 557 1227 dissimilitudine
575 1170 645 1227 sdtu
669 1172 741 1247 opus
759 1182 829 1230 aaa
868 1171 970 1232 Nescio
989 1191 1075 1252 qnam
1091 1175 1129 1236 sit

39 1251 85 1311 lide
103 1253 220 1331 dignum
244 1257 330 1332 illud,
354 1258 429 1336 quod
452 1259 592 1338 traditum>
612 1279 631 1320 a
655 1261 797 1340 Gregorio
820 1265 952 1342 pontifice
972 1267 1128 1329 Varronem

39 1363 90 1405 ease
110 1351 300 1410 combustum:
326 1369 436 1410 mosam
456 1352 559 1417 habere
585 1355 676 1433 potnit
697 1373 754 1414 non
773 1355 849 1416 furta
867 1349 1027 1437 Augustini,
1039 1429 1041 1436 ,
1053 1380 1128 1442 quae

39 1457 95 1500 saue
112 1459 167 1500 nec
185 1441 246 1521 ipre
263 1443 435 1520 dissimulat,
459 1447 511 1504 scd
528 1447 629 1506 malam
648 1448 744 1509 fidem.
780 1451 863 1509 Hanc
880 1453 1071 1537 quaestionem
1090 1454 1128 1517 da
1257 1521 1260 1528 ,

14 1565 19 1576 ·
39 1532 144 1594 deornm
162 1537 328 1622 selectorrpm
348 1538 577 1616 interpretatione
601 1542 660 1601 eius
684 1542 768 1621 culpa
792 1542 913 1627 despero
931 1544 1054 1606 fructum
1072 1547 1130 1609 lra-

40 1626 175 1688 litnram.-
196 1631 342 1700 Quaedam
361 1649 396 1690 ex
414 1632 496 1690 lib.7
514 1650 598 1711 capp.
614 1635 650 1692 15
667 1645 697 1695 et
716 1639 753 1696 16
772 1636 877 1695 minuta
894 1657 1009 1715 prorsus
1026 1640 1126 1701 abieci.

38 1717 149 1780 Primum
170 1722 206 1781 ad
225 1731 322 1802 portos
336 1724 432 1785 mundi
450 1743 499 1786 eos
518 1725 586 1784 deos
599 1726 689 1784 Varro
709 1728 815 1803 retulit,
834 1729 882 1807 qui
892 1727 973 1789 'inter
989 1731 1081 1792 sidem
1097 1741 1128 1792 et

39 1816 154 1874 molestia
176 1835 294 1894 corpora
312 1817 436 1877 suerunt.
474 1817 520 1876 De
541 1820 691 1878 stoicorum
715 1839 749 1878 eo
774 1822 877 1900 placito
894 1841 981 1904 snpra
998 1843 1128 1904 pexus

38 1911 135 1968 nonnis
161 1911 353 1970 'fermilianus
377 1913 439 1971 lihri
462 1913 576 1971 secundi
601 1913 636 1970 ad
661 1914 787 1973 nationes
813 1933 896 1994 capp.
916 1920 1004 1975 1-6
1028 1927 1127 1978 conus
1242 1905 1245 1910 ¹

40 1999 182 2062 Varronem
196 2005 366 2083 potissimum
379 2005 503 2084 disputat
521 2015 549 2064 et
568 2005 712 2084 aliquoties
731 2008 807 2066 locos
827 2009 885 2067 eius
904 2009 1127 2086 allegatpinecn·

38 2104 106 2170 torn,
123 2115 193 2155 num
212 2115 248 2155 ex
266 2097 338 2174 hoc,
357 2115 393 2156 an
412 2118 447 2158 ex
464 2101 554 2178 primo
572 2100 659 2158 libro:
687 2100 762 2178 quod
781 2101 847 2176 quia
865 2117 918 2158 nec
936 2110 1055 2176 constat,
1074 2119 1127 2160 nec

39 2189 118 2266 magui
136 2191 271 2249 rnornenti
289 2192 366 2268 iprae
382 2195 535 2252 sententiae
555 2199 630 2262 sunt,
649 2195 709 2252 sola
728 2192 797 2250 haee
816 2192 902 2249 uerba
921 2211 957 2250 ex
976 2211 1038 2270 cap.
1051 2193 1128 2254 oud

38 2294 120 2358 partes
138 2282 269 2342 nocenda
289 2283 372 2343 duxi:
400 2286 483 2360 [idco]
503 2286 568 2346 deos
586 2285 658 2345 orodi
677 2285 786 2354 Solon,
813 2286 861 2360 qui
883 2282 937 2342 diei
955 2283 988 2345 ds
1006 2303 1058 2347 auo
1076 2305 1128 2347 ou·-

38 2375 117 2447 unta,
135 2376 235 2452 fruges
254 2377 388 2437 coloribus
408 2399 438 2456 .p
440 2420 513 2439 .......
515 2387 550 2451 ot,
571 2396 675 2438 ortuum
693 2375 861 2437 stationibus
878 2384 984 2438 rause
1002 2382 1126 2453 honour,

38 2468 156 2528 ueletiam
176 2473 313 2543 nomime,
338 2475 521 2550 potrooimom
538 2491 662 2531 mamm
678 2470 879 2548 gubernaculis.
919 2475 991 2532 itanu
1008 2473 1127 2550 (polar-

37 2562 154 2621 aoaclrsm
168 2561 318 2621 mutum?
335 2564 440 2624 anao.
455 2573 484 2641 1,
494 2569 564 2638 412)
582 2566 684 2636 sidera
703 2565 849 2644 spiraculo
868 2563 1002 2648 quodam
1019 2575 1128 2646 ternpo-

37 2657 143 2722 nsrsd
162 2661 344 2716 mototioacm
362 2657 578 2738 (roratioouul)
592 2657 789 2718 notandorum.
821 2660 920 2739 ltaque
938 2659 1127 2739 neque‘apud

12 2769 14 2778 .
37 2751 210 2827 Augustinum
230 2753 312 2824 7;15
331 2750 444 2809 dubium
465 2753 527 2824 erit,
546 2754 613 2830 quin
632 2754 740 2828 Varro,
760 2771 928 2832 quamquam
946 2754 1005 2836 eius
1023 2771 1126 2813 nomen

36 2860 83 2900 non
106 2844 238 2922 ponitur,
263 2843 301 2901 de
322 2845 408 2904 stellis
426 2845 572 2920 Mercurii,
592 2845 707 2922 Martia,
726 2843 864 2922 Veneris,
883 2847 997 2906 Saturni
1016 2845 1126 2921 dixerit,

36 2936 260 3011 quemadmodum
280 2955 304 2995 e.
320 2941 357 2995 16
375 2939 426 2997 Sol
445 2947 475 2998 et
488 2938 601 3016 Apollo,
619 2938 703 3000 Luna
715 2949 745 2998 et
755 2938 846 2999 Diana
865 2959 917 3019 pro
937 2938 1032 2998 ffidem
1051 2937 1127 2998 side·
1202 2935 1206 2952 '

35 3029 99 3088 ribus
123 3040 153 3091 et
179 3029 278 3088 stellae
295 3028 368 3088 loom
387 3043 416 3092 et
434 3031 547 3090 lunonis
572 3042 834 3092 commemorantur.
873 3033 934 3092 Neo
953 3030 1038 3090 credo
1060 3031 1127 3090 saus

35 3123 202 3183 considerate
221 3124 403 3201 augustinum
428 3125 480 3182 sub
504 3124 686 3185 masmelli
711 3125 866 3184 Varronem
893 3141 993 3200 urgere
1016 3122 1128 3198 Arietis,

35 3211 124 3294 Tauri,
142 3218 249 3276 Cancri
266 3217 405 3295 exemplo,
427 3237 497 3296 quos
516 3228 546 3278 et
564 3221 696 3278 conuenit
715 3237 734 3276 a
752 3219 879 3276 Varrone
898 3233 951 3294 pro
970 3213 1028 3274 deis
1048 3213 1129 3274 habi·
1168 3269 1169 3282 ,

34 3314 69 3364 toa
90 3327 152 3370 erse
178 3321 209 3369 et
231 3311 326 3369 testari
350 3309 462 3370 uidetur
480 3312 601 3372 Tertull.
621 3312 657 3370 ad
676 3319 735 3369 nst.
754 3315 785 3381 2,
805 3310 842 3367 15
861 3309 921 3368 init.
959 3309 1002 3367 lta
1024 3309 1129 3372 sedicet

34 3395 143 3461 Ouidius
163 3413 278 3482 praeter
302 3404 393 3463 locum
418 3409 644 3484 suprapositum
663 3405 746 3462 etiam
767 3406 798 3478 3,
811 3403 869 3466 ⁴60
891 3401 1031 3463 Ουτοιιαπι
1048 3401 1129 3462 moro

34 3491 134 3562 {noim
153 3497 234 3554 dixit.
268 3497 407 3556 Detractis
427 3517 494 3577 ergo
513 3499 550 3557 de
568 3496 666 3576 uiginti
684 3495 849 3554 selectorum
869 3514 984 3554 numero
1002 3495 1044 3554 his
1063 3503 1128 3559 octo

32 3583 82 3646 dm
98 3590 227 3660 sidereis,
246 3608 368 3668 namque
386 3591 480 3670 plures
500 3611 556 3652 non
575 3593 642 3650 lieet
659 3590 757 3649 abesse
773 3606 791 3647 a
805 3588 950 3648 maioribus
969 3590 1128 3668 prouinciis,

32 3679 200 3741 monadum
224 3701 286 3742 esse
311 3695 381 3763 puto
406 3685 443 3744 ad
468 3684 798 3761 mundi‘descriptioneru
817 3682 1018 3742 Varronianarn
1035 3681 1128 3752 ‚liul

31 3767 121 3852 fragm.
136 3779 172 3853 7,
192 3779 238 3835 cui
262 3778 413 3857 respondet
438 3779 507 3838 llaec
533 3779 649 3837 deorm
674 3777 844 3855 reliquorum
868 3774 1011 3852 dispositio
1036 3773 1128 3840 uerbis

31 3865 188 3943 Augustini:
213 3876 303 3930 Ioaus
328 3877 370 3929 est
394 3871 514 3930 mundos
538 3891 563 3930 o.
577 3874 607 3945 7,
627 3889 653 3928 c.
666 3872 719 3928 ldr
748 3868 839 3928 solum
865 3866 971 3926 coslum
991 3866 1127 3944 Iuppiter,

31 3963 116 4033 ald,
146 3945 225 4040 quod
244 3965 393 4042 oportebat
412 3964 510 4023 referri
530 3983 571 4023 co.
585 3966 707 4038 9-12,
729 3979 821 4040 neque
845 3961 986 4038 corrumpi
1010 3959 1039 4018 in
1062 3976 1127 4023 eam

31 4057 207 4130 sententiam,
227 4075 260 4114 ac
279 4059 301 4116 si
321 4057 410 4116 Varro
429 4056 524 4114 Iouem
542 4075 655 4134 quoque
673 4054 807 4129 mundum
826 4052 933 4129 dixerit,
953 4051 1029 4130 quod
1047 4069 1127 4119 rnen-

30 4139 130 4206 dsu'um
147 4151 294 4226 Augustini
309 4161 396 4230 putor,
416 4155 529 4210 Voatoor
545 4167 649 4226 quoque
666 4151 760 4226 ipsum
773 4153 917 4226 propium
930 4143 1046 4204 deorum
1061 4161 1127 4202 mo·

29 4241 129 4300 mucor
148 4248 329 4320 pomorani,
347 4243 419 4322 quod
436 4247 501 4322 ipso
519 4245 557 4324 sit
574 4248 659 4318 torre,
678 4260 703 4302 o.
717 4243 772 4301 lde
792 4242 926 4302 Murum
939 4254 1063 4299 summus
1077 4253 1127 4296 oo-

63 4349 108 4406 010
121 4353 201 4401 rum
213 4349 304 4414 Prolsg.
587 4385 590 4394 ι
853 4331 878 4391 P
