2636 4678
461 280 504 328 sr
528 272 749 332 cousvssam'
912 323 913 328 ,
1106 283 1143 330 rx

74 437 155 492 muna
172 429 328 492 disserendo
353 431 434 490 islam
452 432 610 510 opinionem
626 440 764 493 eoeuore.
801 429 943 492 Ludornm
961 441 1095 496 antuus
1113 442 1142 498 et

74 526 213 604 penuniun
245 543 387 606 nunqnam
414 544 470 584 non
498 526 576 604 uaria
601 524 715 584 luerunt
739 543 858 604 generas
885 515 1166 606 'qutpnriquisimss

75 627 154 692 eunt,
176 618 304 696 distingui
321 627 451 697 poterant
469 635 487 676 a
505 619 724 695 magistratibus,
744 619 791 695 qui
810 637 858 675 eos
876 618 1012 690 edebant,
1029 631 1143 698 praeto·

10 713 14 732 '
77 727 115 768 res
127 707 290 786 gladiatorios
310 712 528 790 Quinquatribus
546 720 575 770 et
594 712 782 788 Apollinares,
801 709 902 769 aediles
920 713 1028 780 curules
1045 712 1142 790 Mega-

79 801 158 877 lente,
179 803 281 862 aediles
300 805 400 883 plebeii
419 805 564 874 Cereales,
582 805 742 879 Romanos,
759 804 901 878 Plebeios,
919 803 1052 864 Florales.
1089 809 1143 866 Di-

77 894 146 952 stincli
163 897 241 954 etiam
261 907 327 957 sunt
351 900 424 957 inter
448 898 510 955 illos
535 896 593 954 ludi
618 898 707 971 sacri,
734 897 832 974 quibus
850 898 962 975 epulum
982 899 1143 975 parabatur,

73 985 115 1046 Dio
130 989 171 1059 51,
190 997 218 1065 l,
243 991 321 1070 qnod
344 993 404 1051 fieri
430 992 538 1050 solitum
563 991 662 1050 scimus
679 991 812 1049 Romanis
831 999 861 1049 et
877 989 1014 1066 Plebeiis,
1039 1001 1068 1050 et
1083 991 1142 1051 for-

74 1091 132 1140 tasse
146 1083 354 1160 Megalensibus,
372 1084 423 1142 nisi
440 1084 494 1143 boc
513 1101 624 1162 quoqne
643 1082 679 1140 ad
697 1084 850 1161 posteriora
868 1084 988 1161 pertinet
1007 1077 1142 1162 tempoia.

72 1173 121 1232 Neo
135 1195 199 1254 nego
217 1177 341 1255 potuisse
354 1178 459 1254 aliquot
477 1196 512 1235 ex
530 1178 582 1234 illis
601 1178 701 1254 signari
719 1177 927 1238 honorariorum
944 1177 1072 1237 ludorum
1090 1197 1142 1237 no·
1267 1169 1271 1180 ’

72 1268 143 1328 minet
165 1271 263 1332 scimus
282 1272 355 1328 enim
374 1274 419 1328 ius
437 1269 614 1330 honorarium
632 1271 734 1328 dictum
754 1289 832 1348 esse,
857 1271 932 1350 qnod
949 1272 1142 1350 proficisceba-

73 1365 110 1416 tur
124 1379 139 1419 a
154 1363 324 1442 praetoribus
343 1371 372 1422 et
390 1361 523 1420 aedilibus
542 1365 689 1438 curulibus,
710 1364 1142 1442 'rneopbil.lib.1.tiaa.§.7=

73 1446 168 1530 ἐλέμτο
187 1450 220 1514 δέ
234 1445 260 1532 ἦ
280 1451 398 1514 τούτων
416 1451 587 1530 νομοθεσία
611 1461 657 1516 ius
675 1456 869 1533 laoacrorium,
890 1450 999 1536 ,ἐπειδὴ
1024 1453 1067 1527 εἰς
1086 1449 1142 1535 τὴν

72 1541 148 1622 τιμὴν
167 1547 233 1608 τῶν
249 1541 406 1626 ἀρχόντων
426 1544 556 1607 καὶτῶν
575 1544 723 1609 τιθέντων
743 1542 862 1625 ἐκράτει
880 1550 979 1610 τοῦτο
997 1547 1049 1610 καί
1069 1547 1143 1620 luce

74 1633 193 1701 λιταίντο.
214 1639 266 1701 καλ
285 1636 315 1700 ci
335 1635 450 1711 αλλλνλες
469 1627 523 1700 οὖν
546 1639 751 1718 ἐνομοθέτουν
771 1641 841 1721 περί
858 1662 949 1703 τινων
968 1639 1143 1722 κεφαλαίων

76 1727 293 1794 adstruitur
312 1727 431 1794 iduum
455 1731 548 1813 μέρος
572 1733 690 1814 γέγονεν
715 1729 785 1812 ἤτοι
803 1731 951 1816 οτνῆφθη
968 1737 1014 1819 ,τῷ
1034 1733 1143 1818 ἐέίατφ

72 1825 122 1884 τῶν
136 1821 185 1887 llo
204 1821 391 1907 πραιτόρονν.
430 1831 547 1888 Fuerint
565 1850 632 1909 ergo
647 1832 837 1909 Quinquatrus
850 1833 1022 1910 Apollinares
1039 1841 1068 1890 et
1080 1831 1142 1890 Me·
1223 1891 1226 1896 ⁴

70 1919 177 1995 gustari
200 1922 259 1981 ludi
283 1923 432 1982 honorarii.
479 1925 583 1984 Vemm
608 1942 699 2002 neque
724 1943 758 1982 ex
782 1943 878 1984 eorum
901 1926 1026 1984 omnibus
1046 1925 1142 1986 diebus

68 2029 179 2073 numerus
197 2035 214 2074 a
232 2017 368 2076 Suetonio
387 2016 504 2076 traditus
524 2017 637 2076 confieri
655 2017 763 2097 potuit,
788 2019 812 2076 si
835 2019 910 2078 illam
929 2018 1142 2096 appellationem

67 2118 230 2185 propagatam
256 2117 387 2187 putemus
413 2109 456 2180 ad·
475 2112 590 2188 Augusti
618 2121 760 2190 tempora,
787 2129 880 2189 neque
904 2111 961 2170 ullo
988 2110 1142 2193 testimonio

67 2201 184 2275 probatur
201 2203 276 2260 illam
294 2203 437 2276 Varronis,
457 2205 502 2263 uel
521 2205 659 2264 Ciceronis
679 2214 771 2262 aetate
788 2203 816 2262 in
838 2223 889 2262 usu
907 2203 1000 2264 fuisse.
1029 2203 1143 2280 Simpli-

66 2293 117 2351 cior
132 2303 193 2354 tuno
210 2295 339 2356 ludorum
352 2298 423 2356 ratio
436 2283 559 2357 nondum
572 2298 603 2358 id
617 2297 761 2378 discrimen
773 2297 938 2375 requirebat.
971 2296 1044 2354 Nam
1059 2313 1142 2375 prae·

68 2395 106 2445 ter
118 2389 171 2448 illos
190 2389 406 2467 antiquissimos,
432 2388 585 2469 dequibus
603 2391 675 2450 inira
698 2391 735 2449 ad
758 2390 913 2467 fragmenta
929 2390 991 2449 libri
1010 2389 1049 2448 lX
1068 2400 1097 2450 et
1114 2389 1143 2453 X

67 2497 144 2542 mum
156 2483 241 2542 diuis.
263 2491 372 2564 agetur,
391 2485 419 2542 iu
438 2483 525 2542 fastos
544 2493 609 2542 ante
629 2485 776 2544 Caesarem
796 2485 957 2544 dictatorem
975 2485 1044 2544 nulli
1062 2484 1142 2544 relati

68 2585 146 2650 eram,
176 2584 290 2655 praeter
320 2575 400 2635 ludos
428 2578 561 2636 uictoriae
586 2579 736 2654 Sullanae,
763 2579 800 2637 de
825 2579 924 2656 quibus
950 2579 1023 2640 Vell.
1041 2585 1072 2653 2,
1090 2581 1139 2636 27.

66 2664 167 2728 Posthac
185 2669 308 2728 eimdem
327 2670 401 2728 modi
419 2672 529 2750 plurimi
547 2681 664 2751 propter
681 2674 822 2750 utriusque
842 2673 965 2733 Caesaris
988 2691 1032 2732 res
1051 2681 1142 2748 gestas

65 2761 196 2820 introducti
215 2773 281 2820 sunt
300 2763 327 2820 in
346 2763 441 2822 laotos.
479 2764 600 2845 Propter
615 2766 741 2824 nuntium
758 2766 795 2825 de
814 2766 928 2824 uictoria
946 2765 1071 2830 Caesaris
1092 2766 1142 2824 lli-
1230 2763 1233 2772 ’

64 2856 186 2932 apaniemi
204 2874 278 2913 anuo
299 2857 336 2915 V.
356 2857 390 2914 C.
410 2859 467 2916 708
486 2869 630 2938 acceptum
648 2859 739 2918 Dione
756 2869 827 2919 teate
845 2861 893 2929 43,
911 2861 965 2918 42:
983 2852 1029 2920 ,τοὶ
1048 2853 1142 2936 πορί-

64 2945 108 3006 λιο
128 2941 315 3030 ἱπποδρομίᾳ
340 2940 491 3032 ἀθανάτῳ
498 2994 508 3025 ,
536 2944 604 3010 oiiu
629 2971 661 3030 ys
686 2948 737 3010 καί
765 2946 818 3012 dani
833 2946 891 3030 τὴν
910 2945 1016 3029 πόλιν,
1036 2945 1085 3012 ὅτι
1109 2947 1141 3011 ἐν

64 3036 338 3118 tantumtanturn,
359 3033 437 3100 ἀλλὰ
459 3039 511 3104 deni
530 3038 585 3121 τὴν
604 3047 660 3103 τοῦ
676 3039 840 3122 Καίσαρος
858 3043 958 3122 νίκην,
979 3039 1026 3106 ὅτι
1045 3037 1065 3124 ἢ
1083 3039 1144 3124 dp,-

63 3131 132 3210 γιλίο
149 3129 249 3212 αὐτῆς
266 3135 306 3213 τῇ
326 3132 491 3220 προτεραίᾳ
511 3133 588 3217 πρὸς
607 3130 737 3216 ἓοτιέρον
757 3132 907 3218 ἀφίκετο,
921 3133 1065 3217 ἐτιμήθη.
1104 3141 1142 3198 Ηλ

64 3229 131 3304 igitur
146 3228 205 3290 ludi
225 3230 290 3287 stati
303 3238 332 3286 et
344 3247 482 3308 perennes
501 3251 560 3292 esse
579 3233 725 3294 debebant.
765 3234 862 3294 Fuisse
881 3236 963 3296 etiam
979 3235 1052 3310 illos,
1069 3253 1143 3314 quos

66 3321 150 3384 Caesar
175 3333 243 3382 ante
265 3341 387 3400 pugnam
404 3323 590 3384 Pharsalicam
608 3327 711 3386 Veneri
730 3327 840 3386 Victrioi
866 3338 999 3403 uouerat,
1023 3347 1057 3388 ac
1080 3329 1142 3407 pri-

62 3433 122 3476 rnnn
139 3427 240 3498 egerat
258 3433 333 3474 anno
351 3419 428 3491 708,
455 3417 511 3479 uid.
530 3419 612 3476 Dion.
630 3421 680 3495 43,
696 3425 752 3495 22,
777 3420 842 3480 inde
862 3424 1048 3499 cognoscitur,
1077 3423 1146 3500 qru'a

60 3523 120 3569 cmo
137 3514 199 3570 720
222 3519 356 3567 narrante
374 3509 465 3568 Dione
483 3510 532 3585 49,
549 3514 603 3568 42:
630 3506 685 3588 τὴν
705 3506 874 3592 πανήγυριν
898 3508 954 3593 τὴν
973 3516 1012 3595 τῇ
1026 3507 1143 3594 Ἀφρο-

60 3597 117 3682 disp
135 3605 176 3684 τῇ
195 3598 354 3683 Γενεθλίῳ
372 3597 555 3679 τελουμένην
574 3597 610 3662 ολ
629 3597 772 3666 λίπα-τον
791 3603 946 3686 ἐποίησαν.
985 3611 1044 3672 Hos
1062 3608 1143 3669 ludos

59 3695 111 3756 olim
128 3719 146 3757 a
166 3699 287 3774 collegio
304 3707 414 3755 curatos
432 3697 517 3756 fuisso
536 3698 620 3758 tradit
633 3698 688 3758 Dio
699 3700 778 3781 lb,6
790 3701 867 3774 (coll.
875 3701 948 3762 Plin.
957 3703 995 3763 N.
1007 3703 1044 3762 ll.
1054 3701 1142 3776 2,25)

59 3790 203 3850 arladis
221 3791 353 3850 uictoriae
367 3791 505 3866 Caesaris,
520 3797 594 3870 'quos
609 3813 704 3852 mense
716 3795 784 3852 lulio
798 3795 913 3873 postbao
931 3795 1020 3859 factos
1037 3807 1066 3854 et
1084 3797 1144 3874 ipsa

60 3879 148 3944 bdeat
168 3902 194 3943 c.
208 3887 247 3956 7,
270 3893 301 3943 et
318 3883 451 3943 fastorum
470 3887 580 3944 tabulae
604 3897 660 3948 tres
684 3886 760 3964 apud
776 3887 894 3964 Foggin.
915 3909 944 3966 p.
955 3895 1010 3948 ul
1031 3890 1143 3970 docent,

12 4011 13 4020 τ
60 3971 205 4035 &umere
224 3977 345 4037 uidetur.
383 3978 469 4056 Atqui
486 3979 609 4039 diuersos
628 3979 787 4040 noulusse
806 3977 888 4042 docet
900 3979 980 4047 aust.
994 3982 1079 4044 Caes.
1092 3987 1143 4057 88,

61 4065 111 4126 Ort.
124 4073 178 4132 1⁰.
219 4068 296 4130 Olim
314 4073 398 4148 igitur
416 4074 568 4132 celebratos
588 4083 656 4153 puto
675 4074 740 4134 inde
758 4091 774 4132 a
793 4074 832 4134 lx
850 4075 898 4136 ΚΡ
917 4056 1052 4163 δολρὶλοο,
1070 4093 1143 4140 auno

61 4157 91 4220 l.
107 4164 140 4226 C.
161 4166 224 4224 710
242 4167 350 4244 aliquot
369 4166 443 4244 dies,
469 4178 498 4227 et
516 4169 633 4230 alterum
651 4167 719 4228 illud
738 4182 838 4230 nomen
858 4169 979 4234 additum
999 4173 1035 4248 ab
1055 4169 1144 4232 Oru-
