2688 4680
71 259 76 276 ⁸
171 303 298 357 comt
376 349 378 360 ,
642 297 686 346 ne
707 283 784 347 nnus

169 433 1274 538 quummaeataasramtmaisassamptoaatawaa

170 551 256 630 aaa,
275 547 347 628 aas
359 555 386 608 a
397 545 451 607 us
469 545 634 606 mameae
652 551 679 604 a
696 547 787 622 opera
804 541 937 621 aarum
953 546 1158 620 manau.
1187 543 1272 604 reem

170 651 201 723 8,
219 645 239 703 5
259 643 323 703 duos
343 646 479 702 maurum
495 641 617 716 pontiam
642 655 660 697 a
677 638 805 697 Varrone
830 643 972 696 enarratos
995 637 1130 696 mntimat
1148 644 1178 695 et
1196 639 1227 707 7,
1248 643 1271 694 2

169 741 209 799 de
227 756 310 798 causa
334 737 405 795 illius
431 732 624 813 appellationis
647 731 806 791 mmmmm
831 728 914 788 ualde
937 729 1052 808 satagite
1078 741 1110 788 ut
1125 717 1273 808 appareat

75 838 77 846 ’
169 833 325 893 Varronem
344 829 381 888 de
399 847 434 890 ea
452 846 484 888 ra
502 825 646 886 uerbosius
666 844 723 910 non
742 824 911 884 disseruisse.
950 820 1164 898 Aclsuificiebat
1182 825 1273 883 iutel-

170 925 266 1004 ligeuti
283 923 454 1001 templorum
466 929 495 980 et
512 922 653 996 sipuorsau
670 918 792 996 pharium
810 916 1046 992 commemoratio,
1064 917 1109 974 cni
1126 917 1199 976 inest
1217 937 1272 977 sa-

170 1039 282 1078 crorum
297 1019 468 1096 publicorum
483 1013 670 1093 amplificatio,
688 1013 787 1070 artium
800 1028 836 1070 ex
847 1010 1040 1088 superstitione
1054 1010 1272 1089 incrementum,

156 1112 371 1192 superstitionis
391 1121 426 1169 ex
445 1111 548 1168 artibus
570 1107 734 1165 uernaculae
752 1105 958 1174 nutrimentum,
977 1103 1083 1162 alienae
1100 1104 1272 1166 incitamen.

169 1217 240 1266 tum.
280 1207 351 1265 Cum
371 1203 424 1261 lroc
442 1202 518 1260 cultu
541 1201 613 1258 ciuili
632 1201 770 1277 serpsisse
782 1197 892 1256 fabulas
910 1205 1064 1274 poetarum¹
1075 1213 1132 1255 non
1149 1199 1271 1276 ignora-

103 1297 106 1304 ’
170 1283 221 1360 bat
240 1302 339 1368 Varro,
360 1295 415 1354 uid.
437 1296 485 1353 lib.
502 1295 525 1368 l,
543 1291 639 1368 farn,
658 1294 721 1352 coll.
741 1293 812 1368 Aug.
828 1309 854 1350 c.
870 1289 901 1348 d.
919 1291 949 1365 6,
964 1291 993 1348 9.
1031 1288 1063 1348 ld
1081 1289 1185 1350 iactum
1204 1310 1271 1354 esse

170 1395 254 1454 etiarn
274 1394 304 1450 in
324 1391 382 1448 deis
401 1387 511 1446 incertis
525 1385 651 1458 uidimus,
671 1386 717 1443 ubi
731 1384 814 1445 modo
828 1384 1019 1453 coalescentia,
1037 1381 1120 1441 modo
1138 1402 1272 1462 puguan-

170 1487 211 1546 tia
229 1504 263 1544 ea
282 1486 438 1556 elementa,
463 1477 599 1538 interdum
619 1480 712 1556 iniqua
730 1479 858 1557 portione
875 1479 979 1536 uictum
998 1485 1083 1555 atque
1101 1495 1267 1556 oppressum

170 1579 380 1640 nominetenus
400 1574 518 1632 alterum
537 1572 573 1630 ab
592 1573 681 1630 altero
694 1572 914 1650 introspeximus.
953 1570 1027 1629 Deos
1046 1570 1130 1648 igitur
1146 1574 1267 1636 selectos
1332 1553 1336 1566 ⁵

169 1671 283 1730 dixerim
303 1678 394 1729 certos
412 1668 554 1744 utriusque
581 1666 688 1744 generis
711 1653 750 1724 ita
775 1665 842 1723 olim
867 1662 1035 1742 descriptos,
1054 1674 1091 1722 ut·
1110 1665 1188 1724 uelut
1212 1667 1270 1744 ipu'

169 1765 288 1824 Romam
306 1763 342 1821 ad
357 1763 489 1822 Varronis
509 1778 597 1838 usque
616 1777 717 1818 aeuum
735 1757 927 1820 contumeliam
947 1766 978 1816 et
995 1758 1130 1819 turudum
1148 1759 1270 1836 peducle

171 1860 299 1932 tulerint,
318 1859 346 1916 iu
366 1867 484 1933 utraque
504 1854 657 1929 naissum,
681 1853 718 1910 ab
742 1863 861 1930 utroquo
885 1849 1064 1927 profecerint.
1103 1850 1205 1910 Nullas
1223 1862 1272 1912 est·

169 1951 239 2011 dem
257 1952 392 2026 selectus,
413 1950 479 2028 quin
498 1947 621 2006 fabulam
648 1947 758 2024 publica
783 1945 947 2003 auctoritate
971 1943 1072 2004 habeat
1095 1943 1269 2023 adiunctam,

52 2065 60 2080 ·
169 2047 225 2106 lroc
242 2055 295 2120 est,
316 2059 389 2122 quae
407 2061 425 2100 a
444 2042 520 2100 cultu
534 2041 677 2118 sacrisque
695 2039 812 2118 publicis
830 2039 969 2116 segregari
988 2048 1117 2117 nequeat.
1145 2037 1207 2098 Eae
1221 2039 1270 2098 ia·

169 2140 253 2198 balae
272 2138 347 2217 quod
366 2146 529 2196 tantumuon
548 2151 644 2193 omues
663 2133 816 2210 Augustino
835 2140 907 2191 teste
927 2132 985 2203 7,4
1001 2129 1155 2210 impudicae
1173 2143 1270 2210 erant,
1342 2151 1343 2158 ¹

155 2251 227 2300 *non
246 2236 361 2292 multum
381 2233 496 2290 attinets
515 2245 629 2306 graecas
648 2245 743 2286 omues
758 2243 887 2285 essenon
900 2225 986 2302 magis
1006 2233 1099 2304 potest
1117 2224 1269 2287 affirmaris

169 2327 367 2405 plerorumque
390 2325 543 2384 numinum¹
556 2340 609 2400 per
632 2321 755 2380 fabulam
783 2326 917 2378 mutatam
941 2337 1002 2379 esse
1019 2318 1162 2398 pristinam
1179 2328 1269 2386 naar-

171 2437 249 2494 ram,
273 2426 390 2476 nonest
415 2415 619 2493 negligendum.
658 2413 888 2472 Recensebuntnr
909 2412 1027 2490 singuli,
1050 2413 1184 2490 sipauca
1201 2431 1270 2471 mo-

170 2526 260 2572 nuero
279 2508 315 2570 de
339 2529 384 2580 re,
410 2527 494 2586 quam
518 2528 536 2566 a
559 2508 779 2586 fragmentorum
796 2505 948 2584 digestione
966 2523 1090 2564 seorsum
1108 2505 1270 2566 habendam

126 2657 129 2662 r
171 2603 332 2663 existimaui.
361 2602 608 2680 interpretationes
622 2600 739 2658 deorum
758 2599 898 2659 naturales
913 2597 1044 2656 credibile
1061 2607 1105 2656 est
1122 2600 1272 2678 postEpi-

170 2697 312 2754 charmum
337 2697 374 2753 ab
397 2696 489 2754 Ennio
512 2695 646 2771 scriptum
671 2694 711 2750 ita
737 2691 800 2752 sere
826 2691 968 2750 homiuum
993 2692 1098 2750 animos
1122 2693 1269 2770 insedisse,

169 2779 402 2867 quemadmodum
427 2789 570 2866 superiore
594 2786 664 2858 libro
688 2803 804 2860 graecas
827 2784 937 2844 iaburlas
962 2787 1108 2844 accessisse
1127 2784 1165 2845 sd
1184 2798 1273 2848 nete

91 2885 96 2906 '
169 2901 229 2941 rem
243 2869 432 2941 Romanorum
450 2880 609 2958 religionem
628 2876 826 2937 demonstraui.
861 2879 977 2938 Cenem
990 2878 1145 2938 Varronem
1164 2880 1194 2938 in
1213 2881 1273 2942 isac

168 2978 240 3038 libro
260 2976 297 3035 de
314 2975 454 3052 theologia
471 2975 522 3032 ista
541 2972 656 3052 physica
675 2970 767 3030 denno
786 2971 958 3044 disseruisse:
977 2973 1120 3051 quaeritur
1134 2973 1272 3052 primum,

170 3089 228 3149 qua
255 3079 335 3148 parte
359 3069 421 3127 libri
451 3067 480 3127 id
505 3067 612 3127 lecerit.
660 3063 705 3123 De
732 3065 793 3143 ipso
817 3063 931 3125 exordio
956 3073 1073 3124 testatur
1096 3067 1273 3144 Augustinus
1341 3071 1342 3074 ’

170 3164 326 3242 fragmento
341 3168 357 3221 1
379 3170 408 3221 et
424 3161 473 3221 lib.
483 3163 514 3235 7,
532 3179 558 3218 c.
572 3161 605 3218 aa
625 3162 669 3218 De
685 3158 813 3218 naturali
830 3162 902 3218 enim
919 3161 1089 3236 pusasstuo
1105 3160 1273 3238 praeloqui-

170 3263 217 3316 aa
236 3259 266 3315 iu
284 3257 335 3318 lioo
353 3255 423 3317 libro
439 3287 495 3314 ·-.
519 3253 586 3313 Non
606 3251 689 3312 ualde
707 3253 829 3327 obsitos,
848 3253 872 3310 si
890 3253 951 3330 quis
969 3251 1034 3338 inde
1051 3262 1194 3330 sumptum
1213 3273 1273 3334 pu·
1341 3303 1342 3312 ,

169 3351 240 3408 tabit
258 3351 401 3427 Augustini
420 3349 496 3407 lib.7
515 3365 577 3426 cap.
590 3347 625 3432 ti,
649 3345 725 3423 quod
750 3362 836 3423 supra
859 3364 889 3424 p.
907 3362 991 3410 arur
1015 3345 1087 3404 inter
1110 3346 1272 3425 fragmenta

169 3443 232 3501 iibri
251 3443 332 3520 primi
349 3441 404 3500 ieci
422 3441 578 3518 septImum.
616 3437 676 3498 Sed
699 3437 760 3496 fieri
784 3447 878 3497 tamen
896 3438 983 3516 possit
1002 3439 1101 3513 etiarn,
1126 3449 1159 3498 ut
1177 3441 1270 3500 vanu

168 3535 206 3613 ab
225 3533 256 3592 iis
275 3535 375 3591 librum
395 3551 508 3592 morsus
527 3532 622 3608 fuerit,
642 3548 715 3610 quae
733 3531 809 3608 apud
828 3532 1011 3610 augustinum
1029 3535 1060 3607 7,
1078 3538 1117 3590 23
1136 3533 1271 3612 leguntur

167 3637 234 3707 post
253 3626 323 3686 hacc
342 3626 440 3686 uerba:
467 3631 506 3686 Et
531 3631 602 3686 msto
624 3623 696 3682 ideo
716 3625 809 3684 Varro
834 3627 865 3682 iu
890 3623 982 3684 sodon
1005 3624 1074 3686 libro
1089 3625 1127 3684 'ds
1146 3627 1203 3688 diis
1222 3647 1271 3686 ss-

167 3719 246 3779 leotis
262 3753 317 3778 —-.
348 3721 441 3796 Haec,
468 3735 542 3798 quae
566 3717 638 3775 inira
663 3728 820 3794 ponentur,
846 3719 946 3797 quibus
967 3720 998 3776 iu
1022 3718 1102 3777 ilium
1126 3721 1272 3782 masta

167 3811 318 3888 timlopioa
341 3812 416 3873 satus
439 3813 593 3874 hiemum
616 3815 699 3886 caput
724 3811 825 3886 eripere
846 3810 991 3889 paululum
1014 3812 1151 3885 uolasse,
1176 3815 1270 3874 odisse

167 3911 259 3964 umen
269 3903 348 3966 acuo
362 3905 461 3968 lineus
479 3922 606 3978 cassos,
626 3903 719 3962 Varro
739 3901 849 3979 dicitur,
869 3904 1039 3963 conueniunt
1058 3907 1140 3966 etiam
1160 3909 1187 3968 ei
1204 3909 1271 3968 libri

96 4018 99 4024 ’
165 3999 251 4077 parti,
274 4000 320 4056 ubi
340 4009 403 4077 post
423 4008 566 4058 enarrator
584 3996 652 4056 deos
670 3996 708 4054 ad
726 3996 794 4056 deas
812 4004 928 4058 uentum
947 4004 1006 4072 est,
1029 3997 1093 4058 uide
1112 4001 1149 4058 sis
1167 4001 1205 4060 ir.
1221 4004 1268 4060 ld.

164 4089 293 4170 Denique
311 4094 341 4166 7,
360 4095 399 4150 29
422 4092 539 4154 deorum
557 4087 649 4147 officia
668 4088 766 4148 eadem
789 4089 817 4147 in
836 4108 918 4148 suum
937 4089 1022 4149 deum
1040 4092 1170 4172 confert,
1195 4113 1270 4174 quos

164 4180 219 4243 diis
236 4183 342 4245 aare
359 4187 464 4258 audo,
482 4183 590 4264 inquit,
608 4198 657 4262 pst
675 4199 750 4260 qaus
764 4181 895 4261 plausione
912 4187 1153 4264 nummum
1174 4192 1269 4250 ram
