2678 4668
196 309 296 358 οιιιιι
540 273 543 284 '
602 271 885 350 cousrcaarrnrus

196 462 258 522 Allo
276 457 359 520 modo
372 459 549 517 consecratur
562 447 713 514 11555655
727 459 745 514 3
747 456 840 532 ,390,
859 468 942 532 quem
960 447 1280 512 1555510ιί6155-
1335 505 1336 518 ,

166 614 170 627 ,
197 555 284 616 tentia
306 550 454 611 rectissime
474 545 557 606 credo
576 549 735 627 exposuisse
753 548 881 607 Vossium
901 545 937 605 de
956 544 1051 604 165151.
1071 550 1099 615 1,
1119 565 1149 624 p.
1141 547 1213 604 ,502
1234 549 1281 606 alio

197 648 273 706 Galli
291 645 388 703 Matris
407 641 538 720 Magnae,
554 639 613 720 uid.
634 642 716 702 Seru.
732 640 849 702 adden.
869 642 901 714 4,
914 639 982 710 558.
1021 638 1224 698 consecrantur
1239 641 1284 699 de·

140 721 146 752 ’
197 743 281 818 nique
299 755 344 795 res
363 745 433 795 teste
447 735 526 792 delio
540 713 623 791 Gallo
643 733 719 814 apud
738 733 814 792 Fest
834 735 941 810 5321,
954 732 1035 790 3515.
1054 735 1113 790 5155
1132 731 1216 804 55615,
1233 735 1285 790 siun

197 849 263 908 oro,
281 833 477 905 5155519555,
498 824 659 903 51551555,
678 827 882 934 strepenneio,
902 828 961 884 stoa
980 823 1286 902 5516511569555-

78 924 82 927 ”
198 925 278 984 dibus
293 923 404 984 memini
420 921 555 978 disserere
568 917 703 980 Vaassen.
718 918 801 978 anim.
816 937 847 996 p.
860 919 1035 976 loo-107:
1055 917 1200 996 pecuniam
1218 938 1288 976 com-

197 1025 334 1078 memorat
352 1014 408 1075 Ou.
427 1015 458 1089 5,
471 1015 540 1071 291.
575 1009 719 1071 Pertinent
736 1010 792 1069 huc
810 1028 994 1090 quaecunque
1012 1009 1048 1070 ad
1067 1009 1199 1068 sacrificia
1216 1011 1289 1070 adhi-

53 1097 60 1120 *
134 1109 155 1180 J
198 1113 310 1187 bentur,
326 1110 400 1168 mola
418 1093 490 1173 salsa
509 1119 572 1163 cum
591 1105 723 1183 uulgaris,
742 1103 799 1166 uid.
818 1105 896 1168 Fest.
916 1124 945 1182 p.
956 1106 1024 1180 141,
1035 1108 1083 1179 31,
1103 1103 1206 1163 Arnob.
1225 1103 1288 1174 5,2,

198 1205 282 1265 Seru.
302 1201 338 1262 ad
358 1203 427 1259 Aen.
446 1201 559 1276 2,133,
587 1206 646 1256 tum
666 1199 827 1269 55115ιοί115,
847 1197 1060 1276 6555518515.
1079 1194 1115 1254 ad
1136 1197 1188 1258 ecl.
1205 1199 1233 1272 8,
1244 1201 1290 1268 82,
1335 1195 1336 1246 ἒ

198 1291 282 1355 fabae
295 1293 481 1353 Lemuralium
497 1300 526 1350 e't
538 1290 739 1368 Parentaliurn,
755 1291 792 1351 de
805 1292 905 1370 quibus
914 1279 1008 1348 Varro
1016 1289 1091 1368 apud
1102 1288 1178 1349 Non.
1188 1308 1218 1368 p.
1227 1291 1290 1366 335,

199 1393 249 1464 16,
267 1387 348 1446 Paul.
368 1387 455 1464 pst,
468 1388 517 1459 13,
534 1381 621 1441 Lanr.
641 1382 737 1459 Lydus
756 1403 807 1444 suu
825 1385 906 1460 loco,
925 1381 1029 1442 hedera
1047 1381 1167 1454 Bacchi,
1192 1395 1292 1461 myrtus
1335 1443 1336 1446 ,

199 1482 325 1552 Veneris,
342 1479 451 1539 infinita
470 1475 535 1537 alia.
574 1473 701 1554 Inprimis
721 1495 788 1536 uero
806 1479 946 1558 pertinent
965 1493 1148 1554 quaecunque
1167 1475 1196 1533 in
1212 1477 1292 1534 sacris

198 1573 399 1649 incenduntur,
418 1571 610 1646 immolantur,
630 1571 822 1647 pollucentur,
841 1579 874 1627 ut
894 1571 933 1627 ait
952 1569 1159 1643 Tertullianus,
1179 1587 1293 1646 quorum

199 1685 297 1727 causas
319 1673 349 1724 et
367 1663 513 1722 discrimen
533 1671 609 1722 recte
627 1663 714 1723 tradit
731 1663 846 1722 Seruius
864 1661 902 1720 ad
921 1680 966 1740 ge.
981 1668 1012 1738 2,
1023 1665 1091 1738 360,
1109 1662 1178 1720 Aen.
1198 1664 1294 1737 3,116

199 1757 402 1820 similitudinem
428 1766 476 1815 aut
499 1756 756 1816 dissimilitudinem.
792 1756 919 1834 Vtraque
938 1765 1007 1835 quot
1030 1753 1227 1814 uicissitudines
1246 1753 1295 1812 ad-

198 1853 305 1922 mittat,
324 1858 486 1927 argumento
503 1855 571 1908 'sunt
590 1849 667 1927 apud
686 1847 819 1908 Ouidium
839 1855 869 1924 2,
880 1849 939 1907 576
962 1868 1063 1910 moereo
1081 1849 1162 1906 diuae
1180 1851 1297 1906 Manios

199 1937 253 2002 6151
276 1935 332 2020 τὴν
357 1943 413 2002 noir
438 1934 592 2019 ὀνόματος
611 1935 783 2019 οἰκειότητα
808 1953 988 2019 consecrata,
1018 1962 1100 2022 quern
1125 1941 1162 2000 ad
1186 1941 1297 1999 modurn

166 2079 168 2085 ·
199 2032 306 2116 τρίγλη
331 2038 455 2096 Hecatae
478 2027 659 2116 speusippus,
686 2046 745 2094 tum
769 2035 853 2092 rutila
879 2039 953 2096 canis
977 2035 1156 2114 Robigalibus
1180 2035 1212 2111 4,
1231 2035 1297 2092 941.

188 2114 302 2200 'Nescio
320 2147 355 2188 an
375 2129 449 2188 iham
469 2131 605 2188 rationem
624 2129 737 2188 Verrius
757 2131 938 2206 spectauerit,
957 2147 992 2188 ex
1012 2130 1088 2187 cuius
1108 2144 1195 2205 opere
1213 2127 1299 2203 origi-

199 2243 263 2284 nem
282 2223 386 2283 ducunt
402 2223 509 2282 Placidi
528 2221 635 2300 glossae
653 2242 683 2301 p.
697 2223 755 2280 436
776 2221 830 2297 Μ,
850 2222 898 2279 551
916 2223 990 2281 inter
1007 2221 1120 2298 agonias
1139 2219 1248 2278 hostiae
1264 2219 1299 2277 ab
1335 2243 1336 2246 ¹

199 2315 345 2394 hostiendo
359 2334 463 2392 ecquos
476 2316 615 2392 dicuntur,
636 2317 689 2374 allo
704 2315 815 2394 quidem
830 2312 926 2390 modo,
945 2323 1030 2392 atque
1044 2312 1118 2391 apud
1133 2311 1216 2371 Seru.
1230 2314 1301 2372 Aen.
1335 2359 1336 2362 ,

117 2403 120 2410 ’
198 2409 311 2482 2,156.
350 2409 455 2467 Totum
476 2427 540 2466 eum
555 2409 650 2468 locum
674 2408 710 2468 de
730 2407 834 2484 agoniis
859 2396 925 2466 iuris
943 2405 1076 2484 pontificii
1101 2405 1216 2464 salebris
1236 2405 1303 2466 data

58 2555 60 2566 .
199 2503 286 2579 opera
310 2500 412 2559 relictis
435 2501 596 2578 complexus
622 2508 665 2558 est
682 2512 767 2580 pocta
787 2506 817 2576 1,
830 2499 1003 2558 321-458.
1042 2499 1087 2559 De
1112 2498 1211 2559 ordine
1240 2519 1303 2559 ner·
1335 2545 1336 2550 η

75 2593 77 2600 ’
198 2613 279 2652 suum
298 2595 459 2652 323-331
480 2591 649 2675 proferenda
668 2593 712 2652 est'
729 2593 771 2656 lo.
783 2591 932 2652 Schraderi
953 2594 1100 2652 acutissimi
1119 2593 1172 2652 uiri
1190 2603 1305 2652 senten·
1335 2631 1336 2654 ι

199 2688 256 2762 tie,
282 2703 366 2764 quarn
390 2685 425 2742 ab
451 2685 511 2743 eius
538 2703 588 2743 ore
611 2702 629 2742 a
648 2687 741 2744 555515
761 2704 817 2764 quo
837 2694 982 2764 exceptam
1001 2687 1094 2745 inueni
1113 2687 1141 2743 in
1162 2687 1305 2746 uolumine

199 2777 321 2858 quodam
339 2777 520 2837 bibliothecae
534 2776 685 2838 Gothanae
703 2777 820 2854 ducalis,
839 2781 899 2838 tum
918 2780 947 2837 in
965 2780 1072 2838 schedis
1091 2779 1150 2838 eius
1170 2791 1306 2857 autogra-
1335 2819 1336 2828 .

92 2901 94 2905 ·
198 2873 263 2952 phis
274 2870 510 2932 Berolinensibus.
542 2869 688 2948 Duplicem
710 2872 748 2930 oh
767 2889 890 2948 causam,
910 2874 973 2968 quia
992 2873 1019 2930 in
1035 2873 1186 2931 Heinsiana
1205 2890 1307 2932 reeen-

38 3011 40 3022 ,
158 2997 163 3002 -
198 2967 276 3026 51555
294 2984 342 3024 uu.
357 2965 425 3040 329,
441 2967 498 3021 330
518 2964 604 3022 uerbo
623 2963 702 3023 finito
724 2975 832 3041 carent,
851 2976 911 3025 tum
930 2950 995 3044 quia
1015 2984 1111 3024 uersus
1129 2970 1188 3023 331
1208 2966 1308 3043 inepte
1335 2957 1336 2974 ³

198 3059 329 3138 iungatur
347 3061 473 3137 proximo
487 3057 637 3135 superiori,
656 3075 708 3116 nec
722 3058 787 3118 satis
805 3058 833 3117 16
849 3059 987 3128 enunciet,
1006 3077 1062 3136 quo
1079 3077 1149 3168 opus
1168 3057 1220 3133 sit,
1244 3077 1307 3116 uer-
1335 3095 1336 3104 ι

199 3171 246 3210 sus
264 3152 333 3226 325,
345 3153 402 3209 326
419 3148 642 3230 transponendo's
660 3151 792 3210 censebat
809 3159 875 3231 post
894 3173 921 3210 n.
938 3155 1008 3210 330·
1028 3149 1120 3210 omnia
1137 3160 1209 3209 tunc
1230 3160 1309 3209 recte

198 3243 269 3301 fore.
307 3244 388 3304 Prius
411 3241 616 3304 incommodum
635 3241 729 3322 defugi
748 3263 804 3302 una
829 3264 892 3303 cum
911 3244 1036 3303 codicum
1057 3263 1112 3301 non
1131 3245 1336 3326 optimorum

199 3335 378 3410 auctoritate,
396 3337 514 3394 alterum
534 3343 726 3412 argumentum
746 3355 799 3414 per
817 3349 859 3397 est
877 3338 988 3413 subtile,
1010 3336 1058 3396 sed
1078 3345 1156 3395 caret
1175 3355 1213 3395 eo
1234 3355 1336 3446 pon

190 3417 281 3498 dere,
306 3426 380 3504 quod
399 3427 446 3486 ille
466 3427 600 3487 accedere
623 3429 791 3505 opinabatur
813 3449 848 3489 ex
866 3431 1016 3490 multorum
1034 3428 1202 3488 codicum'
1192 3448 1225 3487 m
1230 3429 1336 3514 ipsol

199 3536 329 3577 umsuum
348 3517 446 3577 ordine
465 3519 658 3578 inconstantia.
686 3517 814 3579 Proxima
834 3522 870 3579 ab
889 3523 948 3581 aliis
967 3532 1031 3581 sunt
1050 3523 1198 3605 euphrata.
1232 3521 1313 3582 Ver·

198 3629 245 3669 sus
264 3609 332 3686 345,
345 3611 402 3668 346
421 3611 457 3668 55
485 3614 580 3671 555155
606 3611 736 3672 habuisse
759 3613 870 3672 uidetur
888 3615 1009 3674 '1¹ertull.
1029 3617 1094 3675 adu.
1112 3614 1258 3672 Marcion.
1280 3619 1336 3690 1,

195 3719 230 3782 p.
243 3701 358 3761 13756.
371 3701 451 3762 Pana
443 3722 544 3763 ·unua
562 3705 595 3765 65
612 3705 726 3800 sepibus
737 3703 877 3781 11555655,
895 3725 951 3768 ooo
970 3707 1031 3767 dico
1050 3707 1083 3768 65
1098 3709 1203 3784 moth.
1234 3705 1316 3764 Ver·
1335 3705 1336 3790 l

197 3813 258 3852 sum
270 3797 337 3866 349,
357 3813 523 3875 quamquam
538 3798 574 3854 ab
589 3799 647 3857 aliis
662 3783 789 3860 notatum
808 3809 860 3871 est,
880 3819 980 3859 moneo
998 3801 1157 3880 proiectum
1175 3799 1275 3858 uideri
1297 3815 1317 3855 a
1335 3835 1336 3874 p

196 3885 329 3946 Varronis
347 3885 386 3946 de
402 3907 433 3945 re
453 3895 520 3946 rust.
535 3895 566 3965 2,
581 3892 600 3947 4
616 3892 690 3950 med
706 3893 814 3950 uerbis:
835 3891 870 3950 55
889 3893 972 3953 suillo
991 3896 1063 3953 enim
1080 3896 1187 3972 pecoris
1205 3901 1336 3968 partera

195 3979 356 4040 immolandi
380 3969 490 4048 initium
515 3985 635 4059 55155555
661 3993 802 4062 sumptum
825 3984 950 4062 5165155,
976 3991 1054 4047 cutus
1071 3989 1194 4062 55511915
1217 3985 1336 4056 caet.,l

68 4151 72 4162 ·
196 4073 261 4152 qnia
278 4091 313 4132 ea
332 4073 369 4130 ab
388 4071 565 4148 octogenario
583 4076 711 4138 Varrone
735 4079 824 4154 repeti
846 4088 999 4157 potuerunt
1017 4099 1053 4140 ex
1071 4081 1125 4137 hoc
1145 4078 1336 4156 antiquita-j

195 4173 266 4241 tum,
284 4164 314 4221 in
337 4183 393 4242 quo
418 4183 578 4245 uersamur,
604 4168 684 4228 libro.
724 4169 851 4230 Eandem
872 4170 1003 4232 Varronis
1021 4171 1182 4230 industriam
1206 4171 1336 4244 neseio}
