2678 4668
505 319 549 367 ne
570 318 674 374 rearis
1053 317 1141 367 cnvn
1243 307 1247 322 '

70 489 93 550 p.
101 473 162 547 elo,
175 471 251 531 isin.
270 471 470 551 suppleuetunt
484 478 554 529 anto
571 469 747 544 Muellerum,
765 467 809 528 cul
826 469 911 548 plane
928 471 1071 532 mentior.
1106 469 1140 533 Sl

70 564 149 622 nbsos
166 564 248 623 iacias
264 583 363 644 pucros
382 565 500 624 liuooids
522 563 635 622 feriatos
655 563 707 622 Vll
723 561 771 622 Kl’
789 563 857 622 Mai.
876 563 1027 622 secundum
1045 563 1139 626 Verrii

71 657 172 716 ululato
190 657 392 718 Praenestinam
414 668 442 718 et
461 675 494 714 ea
514 656 645 734 collegia,
671 656 707 715 ad
726 675 798 735 quae
816 657 1006 735 Quinquatrus
1028 666 1057 716 et
1073 657 1140 718 ldus
1208 651 1211 656 ’

70 748 147 808 liciae
167 737 332 829 potissimum
358 751 565 830 pertinuerunt,
591 749 647 812 uid.
667 748 723 810 On.
745 754 928 829 ³,821sqq.,
951 749 982 826 d,
995 750 1052 808 676
1065 769 1141 830 sqq,

70 851 157 902 restant
174 843 259 902 seriae
277 846 455 923 piscatorum,
475 841 586 921 quando
600 837 673 902 dlem
685 843 788 917 fedum
797 845 904 922 scripsit
918 841 1034 904 Ouidius
1047 864 1073 903 u.
1083 849 1141 906 239

70 943 93 991 et
107 955 193 994 omnes
209 936 273 996 festi
291 947 356 996 sunt
373 937 466 996 feriati
484 935 633 995 secundum
652 937 740 996 Maca.
758 947 811 997 sat.
832 943 861 1012 l,
879 943 914 994 ll
934 947 1017 1010 exta,
1043 937 1081 996 vl
1101 937 1141 1004 ld.

70 1027 128 1098 lun,
150 1031 187 1088 oti
210 1050 295 1109 supra
322 1031 543 1088 demonstrabam
563 1047 718 1106 p.1.xv11,
744 1040 774 1089 et
793 1027 938 1088 Kalendae
956 1031 1078 1109 Apriles,
1104 1029 1141 1090 de¹

71 1139 167 1196 querum
183 1123 257 1182 feriis
277 1121 352 1202 quod
372 1125 436 1182 satis
455 1132 497 1181 est
514 1121 600 1201 paulo
619 1123 736 1182 antehac
754 1123 809 1182 dixi
828 1142 857 1202 p.
867 1141 1010 1182 cxxxi-11
1026 1133 1055 1184 et
1067 1141 1142 1184 cxc.

130 1217 267 1276 Feriarum
285 1227 418 1276 staturum
437 1216 580 1276 discrimen
600 1217 652 1276 init
668 1217 836 1296 potissimum
851 1218 984 1276 maiorum
1004 1227 1034 1276 et
1051 1219 1142 1278 mino·

72 1327 126 1368 run.
162 1311 265 1371 Omnes
284 1311 401 1389 signari,
421 1312 465 1370 uel
485 1311 630 1390 significari
647 1311 743 1368 litteris
761 1307 813 1368 NP
831 1309 860 1368 in
878 1311 979 1372 tabulis
997 1329 1081 1389 snpra
1100 1322 1156 1372 est.
1269 1311 1272 1322 '

71 1413 201 1465 notatum·
224 1399 331 1466 Omnes
355 1425 409 1463 nno
433 1404 479 1464 die
502 1404 824 1482 transigebantur,-non
849 1402 983 1463 continu‘n
1001 1405 1143 1483 pluribusr
1184 1434 1188 1442 ·

70 1497 130 1570 qood
148 1518 208 1558 num
226 1501 255 1558 in
275 1499 419 1558 annalibus
439 1509 468 1557 et
487 1499 655 1576 conceptiuis
673 1496 748 1556 idem
764 1497 800 1556 sit
814 1497 1003 1574 obseruatum,
1022 1518 1077 1558 uon
1097 1519 1143 1568 ss·

71 1589 194 1651 tishabeo
213 1594 398 1671 exploratum.
437 1591 626 1651 Tertullianus
646 1611 681 1650 ex
700 1591 863 1650 auctoritate
882 1591 973 1650 Verrii
992 1591 1142 1666 Flaccilla

70 1682 158 1759 suipsit
180 1685 215 1745 de
240 1686 379 1745 idololatr.
400 1705 430 1764 p.
443 1689 500 1743 (iffi
520 1684 566 1745 ed.
586 1685 668 1745 Pane
696 1687 775 1744 Num
796 1683 910 1743 ctbniois
927 1684 1009 1744 arnul
1032 1693 1143 1756 canusa

70 1771 115 1832 lto
130 1781 235 1857 meque
253 1778 345 1853 festos
362 1787 403 1842 cst
417 1800 469 1838 -s
489 1797 600 1858 aucupe
617 1778 744 1854 siupulm
760 1777 938 1838 solcooitntes
954 1779 1099 1866 contionante
1116 1786 1145 1840 et

70 1867 217 1932 ananus
233 1882 325 1948 leae,
338 1881 507 1950 pentecosten
531 1872 642 1950 implere
665 1890 721 1932 noo
738 1879 875 1950 potsunt.
912 1870 990 1930 idem
1008 1873 1145 1952 excerpsit

70 1959 150 2022 Festus
167 1985 195 2043 p.
206 1968 276 2042 257,
294 1974 309 2024 1
327 1968 392 2041 sin,
421 1967 466 2024 ubi
493 1965 529 2026 de
548 1966 766 2045 Quinquatribus
785 1963 957 2024 varroniana
980 1964 1016 2026 de
1034 1967 1054 2026 l.
1074 1967 1094 2027 l.
1112 1970 1144 2044 6,

71 2056 100 2110 ll
114 2071 302 2136 exponuntur,
327 2078 398 2137 quae
415 2061 569 2138 neglexisse
588 2058 721 2138 Ouidium
741 2053 771 2133 d,
790 2061 848 2116 810
866 2065 953 2136 patet.
992 2058 1145 2136 Minoribus

71 2143 128 2208 leriis
145 2155 251 2211 statutis
272 2171 519 2228 accenseoomnes
538 2163 655 2232 propter
669 2151 819 2210 Caesam
839 2159 993 2229 res'gestas
1010 2153 1039 2210 io
1057 2151 1145 2218 fastos

71 2237 227 2322 introductas,
249 2246 287 2304 de
307 2247 405 2324 quibus
425 2246 586 2325 quod'satis
605 2246 640 2304 sit
657 2246 687 2303 io
706 2243 891 2322 superioribus
912 2253 955 2302 est
972 2243 1143 2315 annomtuu'r.

70 2331 194 2398 meimae
217 2339 270 2396 illis
295 2351 360 2398 suot
383 2357 456 2420 quae
478 2349 594 2418 propter
614 2338 779 2416 templorum
799 2345 828 2396 et
844 2337 1008 2396 sacellorum
1030 2336 1146 2409 dedica-

70 2427 141 2490 tiones
158 2432 299 2492 institutae
318 2451 374 2492 nou
393 2452 496 2493 omnes
509 2431 631 2492 eiusdem
649 2431 730 2490 fuere
747 2430 922 2491 celebritatis.
955 2431 1028 2490 Cum
1046 2429 1083 2492 de
1101 2441 1145 2494 ta·

70 2519 121 2582 buln
137 2523 276 2586 Maffeana
294 2525 495 2605 disceptarem,
522 2525 603 2585 docui
621 2526 658 2586 de
675 2525 724 2601 iis,
749 2540 822 2604 quoe
840 2523 940 2583 leuiter
960 2525 1097 2586 indicatae
1114 2525 1145 2586 in

71 2631 97 2671 ca
110 2621 294 2697 reperiuntur:
321 2621 344 2678 si
367 2620 566 2700 disputationes
591 2619 627 2679 de
652 2619 759 2679 sacellis
777 2615 947 2695 aedibusque
970 2619 1055 2678 sacris
1073 2617 1146 2679 Oui·
1271 2609 1275 2615 ¹

71 2705 141 2768 &ab
158 2712 272 2788 adieris,
291 2713 444 2792 intelliges,
465 2733 527 2772 cnm
548 2713 746 2774 uniuscuiusuis
764 2709 942 2770 dedicationis
960 2729 1044 2770 causa
1060 2710 1144 2772 serias

71 2797 139 2863 fuisse
155 2817 231 2866 certo
252 2815 371 2883 constet,
391 2826 459 2886 quas
475 2806 611 2866 addiderit
624 2805 755 2865 Ouidiusa
774 2805 797 2863 si
812 2821 886 2882 quae
898 2805 1044 2883 utrobique
1062 2797 1147 2864 omis·

71 2909 107 2951 tae
122 2909 197 2975 sunt,
219 2900 347 2980 proxima
366 2903 385 2974 ς
404 2902 629 2964 recensebuntur.
668 2899 766 2977 ltaque
785 2897 901 2955 maiores
918 2895 1001 2956 lenias
1020 2901 1146 2977 appella·
1197 2945 1200 2950 .

71 2988 140 3046 ttrite
157 3008 218 3067 eas,
246 3012 364 3072 quarum
383 2995 533 3072 peculiaria
551 2996 660 3052 nomina
678 3011 741 3050 curn
762 2991 790 3050 in
809 2990 888 3048 fastis
906 2990 1066 3048 marmoreis
1084 2992 1147 3068 qui·

70 3075 146 3139 bosuis
170 3085 343 3162 indicantur,
369 3097 427 3147 tum
454 3107 471 3147 a
490 3081 617 3146 Varrone
635 3086 671 3144 de
690 3087 710 3144 l.
729 3084 749 3144 l.
769 3086 800 3160 6,
820 3075 946 3141 12-23'
966 3083 1147 3161 explicantur.
1237 3111 1239 3116 ·

70 3167 157 3234 &mm
175 3181 296 3238 omnium
315 3199 454 3259 peraeque
473 3183 585 3259 insignis
604 3180 656 3240 suit
676 3187 810 3253 uetustas,
828 3178 851 3235 si
870 3175 1023 3234 discesseris
1043 3177 1078 3234 ab
1090 3182 1147 3235 Au·-
1251 3175 1260 3262 Ἰ

71 3268 201 3338 anulinus
219 3273 260 3332 lv
275 3273 321 3362 ld.
340 3270 418 3349 Oct,
444 3292 517 3353 quae
544 3274 665 3332 obnoxia
689 3272 752 3330 aeui
771 3267 903 3329 Ouidiani
920 3268 1043 3347 prauitas
1061 3271 1147 3330 intert-

70 3361 155 3430 posuie
191 3364 372 3443 Reliquorum
391 3363 479 3426 nullas
494 3369 546 3426 Cn.
560 3368 670 3440 Flauio,
691 3367 773 3423 immo
792 3363 910 3421 sortasse
929 3363 1018 3422 nullas
1037 3364 1148 3425 decem·
1191 3417 1197 3436 ,

71 3449 124 3510 cira
140 3455 243 3534 legibus
261 3459 411 3520 scribendis
430 3471 539 3520 constat
557 3479 618 3519 esse
639 3459 821 3518 recentiores:
841 3457 942 3536 partim
962 3457 1084 3518 ultimam
1104 3468 1147 3518 at·

71 3543 161 3621 tingunt
178 3550 380 3628 antiquitatem,
400 3557 499 3632 partim
514 3573 570 3612 non
590 3554 673 3636 longe
686 3551 818 3610 differunt
834 3553 1013 3610 aminoribus
1031 3557 1149 3632 propter

71 3639 218 3715 emptorum
237 3642 423 3704 dedicationes
442 3667 477 3706 ex
496 3649 527 3707 S.
548 3649 582 3706 C.
602 3648 768 3725 plerumque
791 3645 916 3706 inductis.
955 3645 1030 3707 Nam
1050 3656 1079 3706 et
1096 3637 1153 3706 sitii

71 3743 120 3786 rem
137 3743 195 3809 est,
215 3746 368 3796 etcertum
387 3739 536 3819 Megalesia
555 3750 584 3799 et
602 3740 741 3816 Floralia,
766 3758 839 3818 quae
858 3749 966 3800 constat
983 3739 1094 3799 saeculo
1113 3739 1150 3799 ab

71 3818 100 3880 V.
117 3826 149 3884 C.
165 3841 242 3890 sexto
261 3832 385 3890 instituta
404 3852 476 3910 esse,
495 3853 663 3914 quamquam
681 3835 776 3914 priora
794 3853 812 3894 a
833 3834 957 3894 Varrone
976 3834 1058 3909 615,
1076 3834 1149 3892 scili·
1175 3860 1177 3870 ¹

72 3923 108 3972 eti
123 3931 233 4000 propter
250 3925 379 3984 ludorum
397 3925 455 3985 dies
473 3926 585 3986 &maen
604 3947 693 3988 causo
709 3930 869 4002 inablutos,
884 3929 1082 3999 beccusentnr,
1100 3929 1171 3984 eo·'

72 4003 124 4108 dcte
141 4015 220 4074 modo
239 4036 272 4078 ac
291 4019 410 4097 reliquos
429 4022 457 4078 in
477 4021 554 4078 fastis
579 4021 659 4080 nullis
677 4022 831 4100 perscripta
849 4019 953 4078 baberi.
993 4017 1151 4078 Nouissima
1218 4063 1222 4072 ,

72 4097 142 4172 udus
157 4118 221 4167 sunt
233 4111 400 4188 Fordicidia,
418 4113 566 4183 Liberalia,
586 4114 721 4175 Cerealia.
761 4111 918 4170 Fordicidia
936 4113 959 4172 si
978 4112 1085 4171 Telluri
1105 4129 1151 4170 re·

72 4187 230 4280 ¹deberem,
254 4214 339 4284 prout
365 4205 431 4266 dicit
450 4203 566 4266 Ouidius
585 4209 615 4284 4,
631 4207 703 4280 666,
732 4224 816 4286 quam
840 4223 900 4266 rem
923 4221 1013 4283 paene
1038 4201 1150 4270 dubiam
