2688 4680
181 241 312 294 caxvm
660 241 705 292 aa
725 240 818 300 11116,

143 396 153 414 ..
183 395 325 458 mariamis
348 391 551 454 auam-tueare
573 409 608 453 ac
625 393 737 454 littam
760 394 855 472 Gsspra
872 393 1030 474 appellatur
1047 411 1066 454 a
1084 373 1153 456 Silio
1171 393 1230 458 ital.
1244 401 1274 474 8,
1330 361 1331 400 3

184 495 259 552 4331
283 490 416 549 lunonem
434 481 565 566 Argoam,
585 506 658 566 quae
677 487 714 548 de
732 489 806 568 Argo
826 505 900 546 naue
917 488 992 548 dicta
1009 487 1111 566 111111,
1128 487 1200 548 Pliu.
1218 499 1274 552 aat.
1330 523 1331 560 3

184 583 214 645 is.
230 589 260 660 3,
269 585 299 658 9,
318 583 377 661 ipse
389 581 539 640 Muellerus
551 587 578 652 l,
597 600 627 660 p.
638 583 695 640 169
707 600 760 660 pro
775 582 870 660 Cupra
885 579 980 659 babet,
1000 592 1029 641 et
1042 582 1118 662 quod
1131 582 1274 642 Etruscum

110 683 113 690 ’
185 693 337 756 cognomen
355 676 443 734 latere
461 684 558 753 putat,
577 675 787 736 latetiortassis
805 676 888 734 etiam
906 677 935 734 in
954 685 1038 755 porta
1058 679 1169 754 Argoo,
1195 696 1275 756 quem

183 773 307 832 nominat
330 769 421 848 Apoll.
441 767 585 844 11111114,
606 769 674 828 658.
719 765 820 829 Restat
844 770 928 848 igitur
952 769 1098 830 Strabonis
1121 769 1280 848 discrimen,
1330 793 1331 816 1

183 863 258 944 quod
282 862 414 942 expedire
436 881 492 922 111
519 863 611 922 uaieo.
648 861 692 921 Ad
711 862 828 941 priscum
847 861 974 922 Matutae
998 863 1120 922 indolem
1144 863 1276 942 indagan-

123 999 126 1008 ,
154 959 159 972 ’
183 959 248 1018 dam
273 957 397 1017 fortassis
423 955 557 1035 prodesse
580 957 683 1034 possit,
709 955 786 1034 quod
810 955 887 1034 apud
905 956 1016 1016 Liuium
1035 959 1084 1028 52,
1098 959 1154 1032 303
1174 959 1224 1034 34,
1237 961 1275 1018 53
1330 983 1331 1036 j

181 1053 299 1129 legimus
316 1068 334 1108 a
353 1050 387 1110 C.
402 1047 531 1109 Cornelio
549 1049 663 1114 consule
681 1050 710 1107 in
730 1049 836 1128 proelio
855 1049 989 1110 educam
1008 1050 1135 1108 insubres
1150 1069 1223 1110 auno
1239 1054 1274 1114 V.

53 1184 55 1192 ·
183 1147 219 1207 C.
237 1145 295 1204 555
314 1153 410 1202 uotum
429 1161 490 1202 esse
508 1144 641 1221 templum
660 1144 772 1202 Iunonis
788 1143 928 1222 Sospitae,
946 1141 996 1202 sed
1015 1141 1195 1220 quadriennio
1212 1155 1276 1224 post
1330 1175 1331 1180 1

130 1301 132 1310 .
183 1239 338 1298 dedicatum
351 1237 447 1295 iunoni
456 1235 582 1295 Matutae
593 1237 746 1296 secuudum
759 1238 842 1296 libros
856 1244 975 1298 u'eteres.
1006 1237 1162 1315 Vtramque
1174 1256 1276 1317 coguo-

181 1351 245 1394 meu
264 1335 288 1390 si
305 1331 378 1388 idem
398 1331 549 1408 expressit,
570 1348 626 1388 non
645 1331 729 1406 igitur
746 1349 893 1410 perperam
913 1332 1026 1396 Verrius
1045 1330 1276 1410 quemadmodum

181 1447 199 1487 a
216 1443 298 1485 macc
316 1425 414 1482 dicitur
428 1427 595 1482 malrrtiuum
609 1432 639 1482 et
650 1427 770 1484 Malata
783 1425 951 1486 Lucretiaua
969 1425 1000 1499 5,
1011 1427 1080 1500 654,
1098 1426 1138 1483 111
1157 1443 1175 1484 1
1192 1445 1276 1488 marso
1330 1443 1331 1448 ’

166 1515 328 1584 ¹Muluium
353 1517 517 1591 deciiuauit,
544 1516 620 1594 quod
645 1519 729 1576 etiam
749 1517 866 1578 Ouidius
891 1526 1002 1578 secutus
1028 1516 1273 1578 alletuiaticis
1330 1557 1331 1588 ;

180 1615 267 1676 barras
284 1619 396 1696 matres.
434 1611 465 1670 Si
484 1611 544 1688 quis
562 1621 661 1689 putare
683 1614 751 1672 uelit
768 1613 928 1671 Cornelium
947 1611 1105 1685 consulem,
1131 1621 1230 1691 utpote
1247 1615 1277 1672 in

181 1709 269 1769 ueteri
291 1709 470 1765 Etruscorum
495 1705 556 1763 scio
581 1704 618 1762 ad
633 1705 806 1788 Mantuam,
834 1705 872 1765 de
897 1724 953 1784 qua
978 1703 1106 1762 uideatur
1128 1704 1226 1766 Maeli.
1247 1715 1278 1784 l,
1330 1777 1331 1790 ¹

179 1823 211 1882 p.
227 1805 301 1876 1³8,
320 1801 467 1858 Etruscum
487 1817 587 1856 numen
607 1799 692 1857 latine
712 1800 885 1877 appellasse,
903 1799 1032 1876 idemque
1051 1798 1230 1860 Coriolanum
1248 1803 1277 1862 iu

51 1892 54 1900 '
91 1913 93 1926 ·
178 1892 309 1954 acuenda
327 1891 454 1952 Matutae
471 1891 558 1968 aede,
577 1891 641 1950 Liu.
661 1891 692 1968 5,
713 1897 763 1968 20,
782 1901 931 1971 spectasse,
951 1893 1061 1951 Sabinis
1081 1903 1157 1952 certe
1178 1893 1278 1955 eadem

174 1990 226 2050 iila
244 1989 341 2066 Cupra
359 2003 419 2045 esse
438 1986 529 2064 potuit
546 1985 667 2060 Matuta,
688 1986 743 2046 uid.
762 1986 894 2046 Varr.de
911 1986 1091 2062 1.1.5,159.
1128 1986 1189 2045 Sed
1203 2006 1279 2066 poe·

49 2088 61 2102 ”
177 2084 249 2144 11111
267 2099 417 2158 nugarums
437 2081 557 2138 monebo
575 2081 668 2157 potius
686 2081 715 2138 in
730 2080 909 2140 Leucotheae
927 2088 1003 2138 recto
1024 2097 1089 2138 casu
1108 2078 1186 2158 apud
1205 2079 1278 2140 Oui·

166 2169 273 2250 'dium,
292 2176 341 2234 ubi
366 2171 412 2232 edi
436 2173 544 2233 solebat
561 2174 730 2252 Lerscatiscc,
749 2185 861 2254 praeter
884 2175 969 2234 libros
993 2191 1040 2232 me
1063 2181 1189 2232 secutum
1214 2192 1279 2236 esse

177 2271 349 2330 Huscbkium
368 2267 405 2326 ad
424 2268 529 2326 Tibull.
548 2286 579 2346 p.
591 2273 660 2328 211.

254 2363 426 2438 Stimula,
451 2363 677 2439 simplicissimum
699 2379 816 2433 numen,
839 2361 887 2421 lib.
907 2359 1042 2440 superior.
1061 2358 1098 2420 11.
1115 2361 1147 2437 7,
1167 2379 1277 2442 prope·

102 2451 105 2460 ¹
160 2443 291 2515 ¹modum
305 2463 413 2513 constat
426 2456 594 2533 implicatum
606 2447 825 2516 Bacchanalibus
841 2473 969 2533 graecam
983 2471 1128 2532 personam
1142 2455 1279 2533 induisse,
1330 2451 1331 2458 '

177 2567 229 2630 pra
247 2549 360 2632 Semela
377 2548 474 2606 baberi
493 2560 631 2622 coeptum.
670 2549 766 2610 Liuius
784 2553 883 2626 39,12
902 2549 996 2607 lucum
1013 2547 1126 2620 Similae
1145 2548 1278 2627 appella·

178 2645 250 2702 uisse
269 2642 393 2728 uidetur3
413 2642 565 2699 Varronem
584 2645 740 2702 accuratius
758 2643 930 2722 iuquisiuisse
948 2641 984 2702 de
1002 2641 1119 2700 nominis
1136 2641 1279 2700 uicissitu-
1330 2703 1331 2710 .

176 2737 287 2795 dinibus
306 2735 408 2793 indicat
428 2737 571 2813 Augustini
590 2737 667 2794 locus
686 2755 712 2797 1.
731 2736 761 2797 d.
781 2741 811 2813 6,
829 2739 863 2798 9:
883 2739 932 2796 Sic
951 2733 1144 2796 Bacchanalia
1162 2753 1278 2793 mmrmu
1330 2733 1331 2802 J

176 2829 346 2890 celebraretur
369 2831 498 2888 1111111111
522 2827 569 2888 ubi
590 2833 681 2889 Varro
706 2831 766 2906 ipsc
790 2829 935 2905 1111111111·
951 2849 972 2889 a
990 2827 1185 2888 bacchantibus
1202 2828 1280 2888 talio
1330 2899 1331 2904 η

145 2977 150 2984 .
173 2921 422 3002 1111111111,
448 2927 503 2982 aiei
520 2931 607 2984 suasis
626 2932 773 2984 commotas
797 2923 876 2982 uides
901 2941 964 2984 eum
987 2941 1099 2982 causam
1121 2922 1279 2998 inuenisse,

175 3038 226 3078 cur
243 3021 325 3078 etiam
345 3020 436 3097 prisco
456 3020 566 3077 nomine
583 3020 701 3078 Stimula
724 3018 761 3076 ad
780 3015 920 3076 ilaccbum
939 3019 1089 3078 attinuerit.
1128 3017 1211 3078 Haec
1228 3035 1280 3076 se·
1330 3021 1331 3068 ἐ

174 3125 267 3174 cutum
286 3133 346 3173 esse
365 3113 497 3173 Ouidium
516 3115 547 3189 6,
566 3115 623 3172 497
641 3123 769 3191 apertum
788 3121 839 3170 est.
961 3168 966 3180 ,
1125 3171 1128 3178 ,
1330 3115 1331 3124 ’

250 3208 295 3266 De
316 3207 380 3282 dea,
401 3227 473 3287 quae
492 3207 567 3286 apud
587 3205 1137 3281 0111111112,569-614111111111111,
1156 3222 1281 3284 separa·
1330 3195 1331 3254 ἶ

174 3302 222 3361 tim
242 3320 325 3378 agere
344 3303 482 3361 constitui.
523 3301 637 3378 Quippe
661 3301 689 3357 iu
709 3300 762 3357 bac
781 3309 883 3378 poetae
902 3301 1039 3378 ingenium
1061 3299 1090 3358 id
1110 3299 1211 3359 iecisse
1231 3300 1283 3358 ui·
1330 3299 1331 3372 J

174 3395 272 3469 detur,
298 3394 373 3472 quod
397 3397 424 3467 iq
450 3394 780 3473 superioribuspopulus
807 3402 856 3452 aut
882 3395 1049 3472 populorum
1075 3394 1279 3473 commercium
1330 3411 1331 3416 ¹

173 3489 301 3547 duomm.
348 3487 531 3546 Difficillimus
559 3487 586 3546 in
610 3488 801 3546 Romanorum
824 3487 908 3546 rebus
934 3486 1033 3545 diuinis
1058 3483 1113 3546 est'
1126 3489 1207 3546 iocus
1235 3485 1279 3546 de

172 3583 317 3657 manibus,
340 3581 507 3655 lemuribus,
530 3582 693 3660 penatibus,
712 3581 816 3656 geniis,
835 3581 953 3651 laribus,
973 3597 1046 3659 quae
1063 3580 1155 3638 omnia
1175 3581 1283 3640 crciua
1330 3591 1331 3612 ¹

171 3676 249 3756 apud
267 3677 399 3734 Etruscos
424 3667 538 3732 luerunt
562 3675 684 3735 numina»
724 3675 829 3732 Horum
854 3693 923 3732 uero
942 3671 1121 3733 caducarius
1128 3712 1138 3742 ,
1163 3675 1284 3752 quippe
1330 3711 1331 3732 t

67 3832 69 3841 ,
170 3787 243 3850 quae
271 3769 415 3828 enucleate
441 3769 615 3846 praeciperet
642 3768 678 3828 de
708 3767 860 3827 istiusmodi
884 3767 983 3842 rebus,
1015 3775 1125 3826 ueteres
1155 3766 1282 3828 1111111111
1330 3779 1331 3842 ᾗ

170 3864 245 3923 docti
264 3863 406 3940 opiniones
424 3863 573 3940 populares
592 3870 643 3920 aut
660 3862 855 3922 additamentis
874 3859 1064 3938 locupletasse
1082 3869 1285 3940 aut'suspem-

169 3971 214 4018 sas
240 3958 340 4016 iecisse
357 3956 504 4016 uideatur.
549 3957 663 4016 Scilicet
687 3956 752 4034 quia
772 3956 884 4015 Mantus
903 3955 953 4012 Dis
976 3962 1059 4032 pater
1084 3955 1285 4016 Etmscorum

167 4051 222 4110 luit
244 4060 273 4112 et
292 4053 357 4128 quia
375 4069 438 4110 cum
457 4051 595 4126 muudus,
618 4052 666 4128 qui
683 4050 804 4109 Etrusca
827 4052 881 4110 ritu
906 4049 1047 4108 institutus
1071 4056 1115 4106 est
1137 4045 1196 4124 (de
1216 4049 1287 4108 hcc
1330 4067 1331 4094 1

167 4143 262 4206 Ouidii
285 4163 382 4207 uersus
399 4147 429 4222 4,
447 4149 505 4206 623
531 4145 684 4223 explicatos
707 4145 830 4204 inuenies
855 4143 943 4226 apud
957 4143 1086 4203 Mueller.
1103 4143 1219 4206 1111111.
1238 4146 1286 4221 2,
1330 4185 1331 4192 .
