2636 4678
395 265 549 314 FRAVDES,
563 263 730 316 ITALORW
1041 263 1113 310 XXV

60 416 146 476 eredidit
162 416 197 476 nd
208 416 352 478 'Kalendas
370 419 551 498 pertinuisset
576 417 644 477 nihil
663 431 774 490 moron
785 487 788 494 ,
800 419 928 494 quamuis
946 417 1019 478 enim
1038 415 1115 491 apud

59 529 129 570 onnes
145 513 254 572 editores
272 514 307 571 ab
326 513 397 572 Aldo
417 513 454 572 ad
474 511 610 574 Orellinsu
629 521 721 588 estet,
747 512 1001 588 certe·figmentnm
1019 521 1062 570 est
1080 529 1116 572 ex

59 603 146 664 Sueten.
164 605 223 666 Oet.
242 609 276 686 31
298 606 432 684 petitumz
453 607 652 688 Omnnitnlioiia
668 606 745 686 ianoe
763 623 862 664 more
880 605 922 664 lis
940 624 1013 664 orno
1030 607 1115 664 meti·

61 699 108 770 ut,
121 702 203 758 nonme
220 697 332 773 dotibus
350 707 377 758 oi
395 705 529 762 moion„
556 701 621 760 Non
642 707 684 760 est
702 699 844 775 ignotum,
859 700 981 776 opinor,
1002 699 1115 776 Compi·

64 789 106 848 tatis
116 811 242 870 nunquam
254 812 308 852 non
324 797 504 873 onneeptiues
516 795 599 854 feriae
615 793 711 864 fuisse,
730 792 766 852 de
781 811 837 870 quo
850 810 952 870 genere
967 791 1115 869 aliquando

63 879 111 938 ntra
124 901 233 960 agemus.
267 888 403 966 Sequenti
421 886 608 950 meniislliaii
628 886 711 946 biduo
731 885 876 945 discedunt
894 884 1116 962 interpolatores.

61 971 120 1032 lidus
135 988 161 1036 et
176 982 220 1057 qui
237 997 300 1039 enm
319 979 484 1060 sequuntur}
504 981 662 1042 Moroellius
677 989 712 1040 et
720 981 863 1038 Gruterus·
878 971 1026 1054 utru'mque
1044 975 1116 1036 diem

61 1069 187 1130 muitiolem
208 1072 391 1149 sariunt‚,nd
417 1077 501 1134 fidem
526 1069 674 1152 fragmenti
695 1073 825 1134 Venusini
849 1074 908 1136 siue
926 1071 1026 1130 dubio:
1054 1085 1119 1130 eam

61 1166 261 1225 manumittunt
279 1169 430 1246 Fogginius
449 1171 588 1230 Grneuius
608 1177 636 1226 et
654 1166 776 1227 Orellius
796 1167 890 1242 priore
914 1164 975 1240 die,
997 1161 1046 1222 sed
1070 1179 1119 1223 ee-

61 1266 157 1326 qnentem
172 1260 270 1320 scilicet
286 1261 411 1320 doctiore
426 1262 541 1320 artificio
556 1261 610 1320 EN
627 1261 747 1338 signant,
767 1259 841 1336 quod
856 1257 930 1316 unde
941 1257 1119 1336 sumpserint,

62 1361 101 1404 non
115 1349 217 1412 inuenio.
255 1356 350 1414 Credo
369 1356 483 1413 miratos
508 1373 569 1420 esse
590 1363 646 1412 tam
665 1371 729 1410 raro
748 1353 891 1414 intercisos
910 1351 969 1410 dieo
987 1351 1120 1412 inuenirir

63 1435 108 1497 luit
120 1443 144 1501 id
155 1447 231 1506 etiem
244 1447 368 1525 Pighius,
386 1449 435 1526 qui
451 1467 552 1507 nouom
568 1447 667 1506 adesse
684 1445 820 1520 affirmat3
839 1445 906 1504 nihil
924 1447 1009 1523 igitur
1022 1445 1121 1504 tribuit

62 1529 94 1590 ‘sti
106 1550 258 1617 ounmto,
278 1541 355 1619 qnod
373 1559 409 1599 er
427 1540 556 1600 Montani
574 1539 736 1619 apographo
755 1553 837 1598 nosse
855 1541 955 1618 potuit.
993 1539 1121 1616 Nequis

66 1627 146 1687 nien
161 1635 268 1694 nimium
288 1643 432 1713 stuporem
458 1636 574 1696 istorum
597 1636 759 1710 hominum,
784 1635 833 1711 qui
856 1653 912 1696 nou
935 1635 1122 1694 intellexerint

69 1715 122 1780 iudos
133 1725 222 1786 Florae
238 1728 412 1806 supplendor
430 1728 516 1788 fuirse
531 1738 602 1788 ante
623 1731 726 1800 omnia,
744 1727 887 1788 sciendum
907 1737 949 1786 ert
967 1729 996 1786 in
1015 1728 1049 1786 iis
1063 1726 1122 1786 Ve-

65 1816 129 1874 nuiui
141 1820 278 1898 fragmenti
297 1821 484 1901 apographis,
510 1839 583 1900 quae
600 1823 712 1882 saeculo
730 1822 795 1880 xvi
814 1823 978 1896 innotuere,
997 1839 1053 1880 uon
1072 1821 1121 1891 ita,
1193 1829 1198 1838 '

65 1907 93 1964 uti
105 1914 161 1988 apud
172 1915 346 1994 anginium,
365 1916 456 1974 LVDI
470 1924 500 1980 et
513 1916 604 1975 LVDI
617 1917 658 1974 ΙΝ
673 1915 793 1976 ClRCO
806 1914 962 1976 FLORAE
982 1932 1051 1990 esse,
1071 1913 1122 1974 sed

65 1997 107 2059 ltd-
120 2015 206 2068 tantum
224 2021 268 2069 ter
287 2011 407 2084 ascribi,
425 2011 471 2066 cui
490 2029 552 2072 cunr
571 2010 706 2070 Kalendis
725 2011 845 2070 addatur
863 2009 917 2068 ior.
937 2008 973 2081 f„
992 2011 1033 2068 uti
1051 2010 1123 2087 dixi,

66 2095 102 2152 uisi
114 2097 177 2160 lollor
197 2105 394 2164 intellexerunt
412 2101 493 2161 ludos
517 2103 617 2164 larium
641 2093 837 2182 compitalioios
856 2102 948 2161 triduo
967 2102 1123 2188 celebratos

66 2194 116 2248 teste
128 2193 196 2255 Festo
214 2218 242 2274 p.
254 2201 305 2273 64,
325 2200 363 2254 34
381 2197 446 2256 Vrs.
485 2197 613 2274 inprimis
638 2197 706 2254 illud
730 2198 764 2254 iis
791 2195 899 2264 nocuit,
923 2195 999 2273 quod
1025 2197 1054 2253 in
1071 2213 1123 2256 sed

65 2285 154 2353 ninum
166 2294 295 2350 mmsium
314 2289 462 2366 diaeum
481 2308 518 2350 oo
542 2308 594 2350 see
614 2286 712 2348 Ouidii
729 2289 870 2362 fusionem
889 2287 966 2348 libris
984 2297 1122 2367 oooerpto,
1199 2309 1203 2316 ¹

68 2391 117 2450 qnae
130 2381 150 2438 in
165 2385 220 2443 lidi
236 2384 332 2444 Ouidii
351 2396 419 2444 tom.
437 2385 476 2442 lli
493 2383 691 2462 praemittitur,
707 2383 769 2440 ludi
782 2383 886 2441 Florae
903 2401 959 2440 non
979 2393 1122 2462 notentur.

69 2468 206 2536 ttluendn
222 2481 298 2554 lum,
319 2481 385 2558 quin
404 2479 461 2538 illio
480 2479 570 2537 uinea
587 2477 675 2536 feriae
691 2478 795 2535 rectius
813 2495 849 2534 ax
867 2475 972 2535 Ouidio
992 2485 1124 2536 enotatue

70 2571 126 2638 snt,
141 2569 281 2632 incredibili
297 2574 468 2643 temeritate,
493 2579 558 2633 oum
575 2572 670 2630 littera
687 2571 716 2630 N
733 2572 831 2630 ultime
849 2571 985 2630 lemmatis
1002 2572 1125 2648 supersit

69 2651 170 2720 uulua
185 2665 275 2742 unffi,
295 2665 466 2726 refluxerunt
485 2667 523 2723 H.
536 2665 577 2724 K.
592 2665 668 2724 lVN.
683 2665 723 2724 N.
736 2665 858 2723 MART.
869 2665 954 2723 ctu.
970 2663 1125 2724 MONET.

67 2743 129 2810 Pllflt
145 2758 218 2818 miror
240 2760 453 2836 Tempesutem
475 2761 614 2818 omissam.
652 2759 684 2816 ld
703 2759 927 2836 supplementum
948 2756 1022 2815 nude
1040 2765 1124 2833 earet,

68 2839 128 2905 iliis
141 2849 269 2925 ignorasse
290 2852 419 2927 uidetur,
446 2853 638 2931 nequeenim
655 2852 809 2925 Kalendis,
836 2849 973 2928 uti·epud
991 2851 1126 2929 Foggin„

68 2933 135 3013 unt,
150 2943 241 3022 Orell,
259 2945 310 3026 sed
327 2946 368 3004 lv
382 2946 459 3005 Non.
479 2945 556 3024 opud
574 2963 638 3004 eum
656 2957 687 3004 et
702 2946 790 3004 More.
811 2945 921 3020 legitur.
960 2946 1033 3014 Eum
1049 2945 1125 3004 diem

67 3025 166 3094 WNon.
181 3059 275 3100 omnes
293 3037 396 3098 festum
414 3039 543 3099 fecerunt
562 3039 715 3098 seeundum
733 3039 919 3115 fragmentum
938 3036 1125 3098 venusinum.

67 3117 170 3188 liniendo
186 3135 322 3212 Auguster
339 3133 426 3190 Aldus
444 3151 528 3210 quam
548 3141 624 3192 rente
643 3131 767 3191 nefastae
782 3131 901 3203 lecerit,
925 3129 971 3188 uel
995 3147 1052 3206 quo
1079 3144 1126 3188 ar·

70 3231 163 3288 Quin
178 3224 297 3286 Orellius
315 3225 367 3284 NP
386 3227 490 3304 signari
514 3227 654 3300 uoluerit,
679 3225 794 3283 difficile
818 3221 886 3280 milri
906 3230 950 3281 ert
966 3224 1125 3302 anquirere.

70 3305 120 3370 Etis
132 3327 209 3379 tamen
227 3320 378 3390 assentior,
401 3321 468 3398 quie
486 3322 575 3379 uerba
594 3318 686 3378 HOC.
707 3318 772 3376 DlE
793 3311 913 3388 [Gnosnr
930 3315 970 3375 od
987 3315 1127 3389 mmai]

69 3397 142 3465 Vissl'l
157 3413 192 3472 ita
207 3416 311 3493 scripta
328 3421 394 3474 sunt
412 3433 430 3472 a
449 3414 566 3491 piguis,
590 3423 622 3472 ut
640 3411 769 3470 dubitare
787 3429 844 3470 uon
864 3409 983 3489 possim,
1002 3411 1069 3488 quin
1088 3410 1128 3470 ad

67 3489 173 3564 luam
187 3509 359 3586 pertineantr
378 3523 514 3584 nusquam
534 3525 612 3580 uero,
631 3507 684 3566 nisi
701 3505 777 3564 feriis
796 3506 861 3564 talia
875 3506 1006 3579 lemmata
1025 3504 1054 3562 in
1073 3503 1130 3582 iseo

67 3589 136 3652 otuu
149 3603 332 3660 ascribuntur:
360 3597 448 3658 leriae
465 3619 534 3662 uero
555 3600 607 3662 NP
627 3601 742 3659 hebent.
780 3598 823 3657 lta
841 3607 951 3673 tamen,
979 3595 1020 3655 uti
1041 3598 1126 3657 modo

68 3676 147 3763 illiti,
167 3693 348 3773 supplendum
375 3695 474 3770 putaui
499 3693 651 3753 seeundum
671 3692 803 3751 Orosium
828 3694 864 3766 6,
885 3693 922 3748 19
949 3698 978 3748 et
998 3691 1127 3750 tabulam

69 3773 329 3867 iuitnninun,quae
348 3787 403 3846 hoo
421 3786 523 3846 dieite
543 3787 644 3848 habete
666 3787 762 3845 Farina
779 3801 816 3843 oo
835 3786 866 3842 S.
885 3783 916 3844 G.
932 3801 958 3860 q.
974 3801 997 3842 o.
1012 3783 1039 3844 d.
1053 3789 1127 3862 imp.

70 3863 145 3932 uon
159 3881 222 3940 uus
238 3882 263 3955 f.
282 3880 439 3958 imnum.
457 3883 618 3942 moeno
635 3879 756 3959 prono
771 3876 881 3938 wrelator.
926 3878 985 3935 uas
1005 3878 1064 3938 eus
1084 3889 1128 3938 u-

69 3954 255 4051 iuamugoe
270 3975 395 4034 serenam
414 3971 483 4032 mist
501 3973 567 4032 oum
586 3973 764 4051 interpretari
782 3989 817 4032 ex
834 3970 1001 4030 nunnioni·
1012 3972 1063 4046 sn,
1071 3974 1126 4030 19:

69 4045 108 4110 tie
120 4051 335 4140 γὰρἈπῶνιον
358 4063 411 4126 sul
436 4059 510 4136 roric
528 4059 644 4137 ἄλλους
657 4059 827 4142 Ῥωμαίους
845 4057 918 4132 τοὺς
944 4056 1000 4124 σὺν
1023 4058 1127 4141 ἐκείνῳ

70 4147 213 4230 tantm
230 4153 299 4223 nire
317 4152 475 4241 πρότερον,
494 4151 564 4222 nire
582 4153 662 4237 τότε,
676 4149 720 4232 ὥς
735 4153 787 4220 nol
805 4147 959 4240 ἑορτάζειν
977 4155 1063 4235 σφᾶς
1081 4147 1125 4214 lu‘

33 4371 34 4398 t

33 4405 35 4444 l
