2678 4668
73 251 80 272 ·.
186 223 256 278 cxx
289 262 292 266 .
324 257 328 269 x
559 197 560 202 ’
598 210 603 300 j
623 223 668 276 on
688 206 841 282 strenuus

133 431 137 444 ,
186 381 285 444 notitia
302 379 385 442 Vrbis
404 395 439 440 eo
457 375 705 440 nonlnsrslutorn
723 375 823 440 eodem
837 377 869 438 ln
888 377 951 438 loeo
969 363 1052 440 ritror
1070 396 1133 440 esre
1151 378 1295 460 potuisse.

122 479 126 486 '
193 477 265 536 utto
281 473 348 550 folo
368 459 541 553 explicentur
558 468 596 532 de
612 472 838 550 mensurantis,
858 472 917 532 sino
930 471 987 530 ullo
1005 483 1181 550 argumento,
1201 491 1296 552 quon·

187 576 248 632 tum
267 568 403 644 intelligo,
424 585 487 624 oum
500 562 577 644 opud
587 566 759 626 Anustnium
773 568 803 626 ln
820 566 879 624 uilo
888 565 1003 625 Honoril
1020 574 1052 626 et
1066 567 1094 625 in
1108 567 1166 626 ulto
1177 566 1295 626 Adriani

123 661 127 666 ’
177 661 305 720 'Sacrum
325 659 411 722 Viorn
429 659 565 738 significet
583 675 618 718 eo
637 659 798 738 appellatio.
837 659 964 738 indigent
981 677 1049 736 ergo
1067 663 1120 718 isto
1139 677 1193 736 so,
1212 659 1295 742 quod

187 751 227 812 ltu
239 751 408 832 offirmstorr
426 753 457 814 ll
472 751 573 812 rirults
588 751 744 813 oloirrurout
756 752 789 811 ds
804 759 864 812 tout
877 753 902 812 io
913 755 980 813 root
1000 752 1128 824 uentus,
1148 753 1296 831 lonqrm

189 843 338 924 l’uppliqus
355 850 374 905 ὰ
391 847 423 906 lo
442 846 561 916 neuun,
581 863 633 923 qus
645 865 679 906 οο
688 845 786 924 templs
800 843 833 904 (le
844 850 935 907 Ιοααο
951 849 1047 905 o’stoit
1066 846 1140 906 ἀοαο
1157 865 1210 907 suo
1232 850 1295 907 ori-

187 940 251 1014 plue
268 957 320 1016 φαο
334 939 365 998 lo
383 946 460 1018 ports
478 939 511 998 rls
528 938 603 998 l'uru
620 937 659 998 ἀα
681 937 814 1017 (lapitols.
856 939 929 996 (l’est
946 941 1172 1014 preuioomout
1191 959 1222 1000 os
1242 959 1295 1018 qus

189 1031 316 1092 Neruio
333 1049 353 1093 α
369 1032 456 1092 teudo
473 1031 601 1108 posits
617 1049 672 1112 pur
690 1030 739 1092 ἀοε
756 1031 912 1092 inductione
929 1031 1101 1114 historiques.
1130 1035 1205 1094 Vtor
1222 1035 1294 1093 Nie-

189 1125 282 1184 bohrii
302 1126 421 1186 editione
441 1123 506 1186 anui
521 1131 608 1202 1880,
626 1115 674 1184 ubi
691 1127 777 1203 longe
795 1125 905 1184 diuerso
924 1125 1069 1204 leguntur:
1088 1127 1202 1206 siquod
1216 1127 1294 1186 forte

190 1219 266 1280 uliud
283 1220 340 1278 eius
356 1222 488 1300 seriptum
506 1221 559 1278 ists
574 1218 659 1277 uerbo
674 1218 803 1294 innuunt,
821 1221 942 1278 sustineo
958 1219 1095 1290 iudicium.
1124 1219 1208 1299 Apud
1220 1219 1295 1278 Oui·

190 1311 268 1372 diom
286 1332 349 1372 oum
367 1331 397 1372 u.
417 1317 475 1373 266
495 1312 603 1372 codices
622 1309 743 1371 habeant
763 1315 905 1408 oppositos
923 1329 1016 1384 οοεαε,
1044 1323 1163 1391 opponet
1178 1321 1296 1391 portem

190 1405 316 1482 indicari,
337 1427 391 1466 non
411 1427 467 1488 quo
486 1406 629 1485 eruperint
647 1404 761 1483 Sabini,
777 1407 827 1466 sed
846 1425 902 1486 qus
917 1407 1051 1486 irrupturi
1068 1407 1188 1483 suerint,
1206 1413 1296 1486 prout

177 1499 274 1558 'etiam
292 1509 335 1559 est
352 1509 419 1560 ruet.
438 1502 486 1577 14,
494 1504 552 1562 760
560 1519 622 1579 sqq.
661 1498 742 1557 Fecit
759 1499 843 1577 igitur
859 1511 945 1579 poeto
962 1500 1039 1579 quod
1059 1510 1162 1579 poetae
1179 1500 1295 1572 lioelsut,

192 1594 347 1670 praeteritis
373 1594 434 1671 his,
459 1613 531 1674 quoe
548 1593 695 1669 Dionysius
713 1597 745 1669 2,
758 1596 796 1652 41
816 1594 916 1655 tradit:
942 1585 979 1656 ‘O
999 1590 1034 1654 δὲ
1055 1583 1171 1661 Τάτιος
1189 1586 1241 1650 καὶ
1261 1584 1294 1648 oi

92 1697 96 1702 '
193 1681 324 1762 Σαβῖνοι
351 1684 501 1768 φρουρίου
524 1677 679 1767 γενόμενον
705 1687 853 1765 καρτεροῦ
882 1683 983 1767 κύριοι
1007 1683 1059 1748 καὶ
1085 1685 1193 1755 stega
1230 1673 1294 1742 uiri

179 1768 349 1856 ’Ῥωμαίων
363 1775 535 1858 ἀποσκευῆς
549 1773 673 1856 ἀμοχθὶ
685 1773 909 1860 παρειληφότες
927 1777 961 1841 ἐκ
976 1780 1033 1841 τοῦ
1049 1773 1212 1860 ἀσφαλοῦς
1230 1770 1294 1855 ἤδη

194 1863 454 1949 τάναόλεμον
474 1867 680 1954 διέφερον,
701 1873 841 1933 festinarit
862 1874 979 1934 adrem
998 1874 1296 1950 narrandum,‘qusrn

193 1969 335 2044 proeteriit
352 1969 519 2044 Dionysius,
530 1966 580 2026 sed
599 1985 660 2025 oum
681 1967 739 2024 eliis
756 1969 967 2046 eompreheodit
986 1970 1077 2028 uerbis
1096 1967 1294 2046 sequentibus:

193 2053 319 2142 μίγεςαυ
337 2056 372 2120 δὲ
397 2055 431 2120 ἐκ
449 2052 649 2140 παρατάξεως
668 2050 756 2130 ὅλαις
776 2063 845 2131 ταῖς
863 2051 1029 2140 iuniperus,
1057 2053 1136 2139 πρὸς
1155 2051 1297 2146 illilus:

194 2144 319 2230 μάχαι
337 2150 472 2214 διτταὶ
499 2151 551 2214 καὶ
576 2143 673 2235 φόνος
697 2146 849 2234 ἑκατέρων
867 2149 974 2225 πολύς.
1012 2154 1117 2214 Versus
1135 2156 1205 2228 261,
1224 2154 1296 2228 264,

195 2265 313 2326 quorum
329 2249 359 2307 ,in
378 2249 524 2328 posteriori
548 2249 632 2309 codd.
651 2249 831 2326 scripturam,
856 2267 940 2327 quom
959 2248 1093 2322 exhibeo,
1121 2246 1204 2306 uelim
1224 2265 1297 2324 por-

193 2340 280 2418 pendi
300 2343 335 2399 ob
354 2343 559 2422 urolraeologis,
587 2351 732 2424 utramque
751 2361 785 2402 ex
810 2343 953 2402 annalibus
973 2349 1131 2420 excerptum
1150 2337 1295 2398 historiam

196 2431 225 2488 in
244 2450 372 2493 sermone
396 2437 500 2512 garruli
523 2437 645 2496 seniliter
670 2437 715 2496 dei
740 2445 904 2496 connectere
922 2435 1065 2494 uidenturr
1093 2452 1178 2492 uersu
1193 2433 1251 2491 265
1272 2433 1297 2490 si

197 2526 283 2602 poulo
295 2526 403 2606 longius
422 2531 475 2586 iter
492 2529 640 2605 indicatur,
660 2530 750 2606 optino
769 2529 798 2588 id
817 2538 871 2606 est,
890 2549 974 2610 quam
992 2531 1016 2588 si
1034 2529 1137 2603 uronis,
1158 2535 1189 2584 ut
1202 2528 1297 2605 putori

195 2615 291 2694 uideo,
310 2621 340 2677 in
358 2628 452 2678 monte
468 2621 626 2698 Capitolino
645 2623 843 2699 transiguntur.
876 2624 952 2683 Nihil
970 2624 1054 2701 igitur
1071 2620 1147 2699 opud
1162 2618 1296 2678 Ouidium

196 2717 263 2787 est„
284 2712 335 2772 nisi
352 2713 426 2772 iorto
443 2731 512 2772 uere
535 2723 696 2773 osseuersnt
721 2717 862 2792 elegentes
886 2718 1010 2777 homines
1029 2735 1046 2774 s
1065 2714 1247 2793 grammaticis
1266 2723 1299 2772 et

198 2803 348 2865 editoribru
366 2808 488 2866 omnium
506 2807 616 2864 minimo
633 2807 747 2886 intelligi
767 2819 876 2869 ueteres
895 2809 1059 2888 scriptores,
1084 2808 1152 2867 nihil
1170 2817 1228 2882 est,
1248 2808 1299 2866 io-

161 2929 163 2934 ·
197 2915 303 2976 quom,
330 2919 387 2979 quo
413 2919 545 2978 cogamur
569 2901 726 2983 testimonis
749 2901 786 2962 de
804 2903 863 2962 loni
880 2905 975 2964 socelli
993 2905 1055 2964 loeo
1072 2918 1158 2980 supro
1175 2901 1299 2960 iodiootn

197 2989 312 3072 insuper
330 2993 450 3069 hubere3
470 2993 499 3052 id
517 3012 604 3052 unum
622 3003 717 3065 restat,
738 3003 769 3054 ut
787 2995 823 3055 de
842 2996 947 3057 ἀυοάαο
959 2993 1043 3072 forie,
1063 3015 1091 3052 u.
1103 2995 1173 3070 258,
1193 2994 1298 3054 duosa-

199 3091 255 3162 tur,
274 3087 305 3156 io
322 3107 440 3167 quorum
459 3087 578 3147 confinio
595 3087 625 3146 id
642 3089 763 3166 positum
779 3087 865 3150 luisse
883 3091 1022 3150 conuenit.
1054 3090 1180 3147 Alterum
1197 3089 1299 3147 siRo-

198 3194 311 3238 manum
329 3181 393 3258 fuit,
412 3183 530 3242 ultorum
546 3181 598 3240 sub
613 3183 720 3242 Carinis
738 3183 821 3252 fuerit
839 3200 952 3243 υεοοοοε
967 3191 1019 3258 est,
1038 3180 1114 3260 quod
1128 3181 1213 3240 oredo
1228 3201 1299 3260 pro-

198 3271 303 3331 rniscue
325 3273 419 3347 fortun
436 3280 618 3356 piscatorium
634 3285 665 3336 et
682 3276 827 3336 οααοοάαοε
851 3277 973 3353 dietum,
1000 3276 1064 3334 uide
1091 3275 1128 3334 de
1153 3285 1299 3353 postrema

0 3322 16 3401 ἑ
101 3421 102 3426 Ν
199 3361 386 3442 appellatione
401 3369 482 3428 rao.
501 3370 538 3429 se
555 3371 576 3430 t.
594 3370 616 3428 1.
634 3368 663 3444 ε,
684 3371 751 3443 uu,
772 3372 846 3444 ου,
871 3368 952 3428 eaor.
971 3369 1051 3430 orac.
1070 3369 1161 3446 pes,
1176 3367 1213 3424 ιο
1232 3385 1300 3428 com

200 3465 296 3516 snuot.
313 3458 410 3520 Muell.
449 3465 510 3521 Hoo
534 3464 645 3522 nomino
666 3462 770 3548 Paulus
788 3462 867 3521 Diuo.
887 3481 918 3539 p.
929 3463 996 3538 125,
1009 3463 1041 3536 7,
1067 3461 1114 3519 illo
1132 3460 1230 3520 Liuius
1247 3465 1302 3537 40,

201 3548 240 3609 51
260 3549 289 3608 id
308 3559 462 3613 extructum
490 3565 605 3614 norroot
629 3572 703 3614 suno
720 3555 759 3615 V.
779 3555 813 3614 C.
833 3557 890 3613 576
909 3573 927 3614 s
945 3555 988 3636 Μ.Ι
1005 3554 1119 3617 Aemilio
1138 3554 1248 3632 Lepido
1271 3567 1300 3616 et

199 3643 243 3705 M.
258 3643 358 3704 Fuluio
371 3645 516 3706 Nobiliore
535 3649 703 3707 censoribus.
741 3647 833 3707 Locus
852 3649 983 3708 delinitur
1000 3659 1057 3708 non
1075 3648 1158 3725 longo
1175 3663 1194 3706 s
1210 3647 1299 3706 Sooru

94 3793 99 3808 ,
196 3737 266 3812 uis,
285 3737 367 3799 Vorr.
386 3739 423 3798 de
441 3741 462 3798 l.
481 3741 500 3800 l.
520 3741 631 3816 5,152,
651 3758 703 3800 neo
723 3742 810 3799 multo
828 3742 937 3820 lougius
956 3759 973 3801 s
991 3741 1067 3816 iuro,
1083 3757 1167 3818 quoru
1184 3740 1299 3802 fuerunt

193 3831 349 3897 toutomiss
367 3841 397 3892 et
413 3833 519 3892 Atrium
538 3833 675 3924 Regium,
701 3834 765 3893 Liu.
785 3837 833 3911 26,
853 3839 901 3894 27.
938 3833 1020 3914 lposo
1042 3833 1113 3892 sdso
1138 3833 1298 3910 lautomiae,

189 3927 224 3994 ,i
241 3921 374 3984 Buuseoii
393 3925 606 4005 disputationem
627 3945 692 3987 sun.
712 3937 734 3986 t.
750 3933 781 4003 8,
799 3947 830 4008 p.
844 3932 903 3986 227
920 3928 1000 4006 ssqoi
1020 3927 1099 4000 uelis,
1119 3943 1175 3986 non
1195 3927 1297 4006 inopis·

90 4053 95 4075 .
187 4023 269 4087 ulmo
294 4037 312 4074 o
336 4019 399 4078 soro
424 4020 571 4098 piscatorio
596 4017 732 4080 oiueiintr
758 4017 808 4080 sed
833 4023 887 4080 olio
902 4021 1013 4080 'madet
1029 4021 1112 4080 Varr-
1130 4020 1207 4080 dol.
1226 4022 1247 4080 l.
1261 4021 1295 4098 5,

188 4111 269 4186 151,
289 4122 373 4190 prout
390 4114 475 4174 etiem
490 4113 635 4189 edisseruit
648 4117 807 4178 liunssoius
821 4115 908 4177 deror.
929 4115 998 4178 Vrb.
1020 4120 1094 4192 6,1,
1113 4133 1143 4195 p.
1153 4117 1206 4192 7⁰,
1221 4119 1265 4176 21.
