2636 4678
180 301 215 350 lv
379 293 383 310 '
590 299 680 350 rasti
703 296 865 356 collnllc'l'l

180 469 254 508 auno
271 449 300 508 id
318 448 420 508 lactum
440 448 523 509 tradit
541 450 577 510 V.
597 452 632 511 C.
652 451 728 525 7⁴53
754 451 851 529 quinto
874 451 936 509 loco
955 449 1113 510 antedicto
1132 453 1208 527 eius,
1227 462 1273 510 ont

180 545 284 620 legibus
310 543 452 603 iudiciariis
471 544 628 602 Saturnalia
653 545 681 601 in
708 542 828 601 triduum
853 541 990 620 producta
1016 559 1094 620 esse3
1127 554 1273 623 utrumqne

180 639 251 694 eninr
271 635 337 694 dicit
355 637 511 694 Macrobius
532 643 560 712 l,
581 639 619 693 10
643 638 702 694 init.
721 644 751 693 et
769 634 817 692 fin.
837 646 866 709 et
890 645 1008 714 utroque
1033 636 1116 694 modo
1140 636 1169 694 id
1188 637 1273 695 iuberi

180 731 285 806 potuit,
305 729 412 803 edicto,
432 739 462 787 ut
481 730 594 808 opinor,
611 727 752 806 pontificio
772 727 849 798 (uide
868 729 1009 787 Vaasseoii
1028 729 1218 790 Animaducrs.
1237 729 1273 788 nd

179 823 243 882 last.
264 839 336 881 sacr.
354 841 384 900 p.
396 824 434 878 68
452 821 527 898 sq.),
552 840 607 880 oon
626 839 693 900 ergo
712 829 860 899 antequam
880 838 953 879 anno
973 821 1008 880 V.
1030 822 1064 882 C.
1083 824 1139 879 741
1160 821 1274 900 pontid-

167 925 255 971 ·catos
274 910 407 971 maximus
426 914 463 972 ad
482 916 635 992 Augustum
653 915 824 992 deferretur:
850 913 925 992 leges
951 924 1043 972 autem
1062 915 1178 991 Augusti
1202 913 1272 974 iudi·

177 1008 276 1064 ciariae
295 1007 338 1076 c‚ui
357 1025 430 1066 anno
449 1007 630 1084 assignandae
649 1011 714 1084 sint,
733 1009 830 1084 ignoro
849 1025 912 1070 cum
928 1006 1001 1068 lctis.
1033 1007 1188 1066 Nouissime
1201 1008 1271 1066 Sue·

178 1101 267 1157 tonius
287 1117 313 1157 c.
332 1105 371 1156 32
394 1103 543 1159 memoriae
570 1099 690 1179 prodidit
709 1101 863 1178 Augustum
885 1099 944 1158 dies
970 1101 1042 1159 ultra
1066 1101 1178 1178 triginta
1202 1101 1272 1158 ludis

176 1192 327 1250 honorariis
354 1202 503 1272 occupatos
533 1195 607 1252 actui
630 1212 721 1251 rernm
751 1191 990 1252 accommodasset
1024 1192 1099 1272 quod
1127 1204 1157 1252 et
1182 1193 1272 1272 ipsum

177 1286 321 1362 probabile
341 1297 383 1344 est
401 1273 429 1344 in
449 1287 555 1363 legibus
576 1286 726 1368 iudiciariis
752 1286 883 1349 extitisse.
923 1287 983 1343 Hoc
1002 1287 1064 1345 cuin
1083 1287 1187 1345 sactum
1209 1287 1273 1345 dicit

175 1379 340 1436 Vaassenius
358 1399 389 1456 p.
406 1381 464 1437 299
483 1397 556 1436 nono
574 1379 610 1436 V.
631 1379 665 1438 C.
684 1382 761 1452 746,
786 1379 942 1456 opinionem
965 1399 1043 1438 suam
1069 1381 1178 1458 posuit,
1207 1399 1273 1438 nus·

176 1489 260 1548 quam
280 1472 354 1529 eninr
373 1471 409 1528 da
427 1481 554 1550 tempora
570 1472 716 1548 quicquam
731 1471 868 1549 proditor,
889 1488 961 1546 quae
980 1482 1073 1530 muron
1093 1490 1110 1530 s
1129 1489 1198 1532 uero
1217 1489 1273 1530 non

175 1565 259 1641 longe
280 1566 377 1622 abesse
396 1565 514 1622 uidetur.
554 1563 639 1622 Certe
659 1583 750 1642 neque
776 1565 838 1642 plus
858 1565 1043 1641 quinquennio
1064 1574 1130 1624 ante
1149 1567 1273 1642 Angruto

174 1659 203 1716 in
221 1666 264 1716 tot
282 1657 480 1716 dim-nefastos
499 1659 541 1715 ius
559 1656 622 1730 soit,
641 1673 733 1734 neque
748 1658 835 1714 multo
851 1663 916 1738 post
930 1675 978 1715 eos
997 1676 1014 1716 e
1032 1657 1110 1715 lastis
1127 1667 1273 1734 exemptos

64 1813 68 1823 ¹
174 1751 332 1828 putauerim
360 1749 413 1808 boc
441 1758 614 1826 argumento.
660 1747 754 1815 Causa
781 1748 969 1826 augendorum
993 1748 1100 1808 dierum
1125 1749 1273 1824 las'tocum,

174 1845 234 1900 siue
253 1844 427 1902 comitialium
447 1842 546 1901 eadem
568 1840 652 1899 luerit
669 1851 797 1920 oportet,
823 1859 896 1920 quae
915 1843 996 1900 etiarn
1015 1842 1133 1919 augendi
1152 1841 1274 1920 iudicum

175 1937 291 2010 numeri,
312 1936 387 2013 quod
405 1935 502 1993 eodem
521 1935 583 1992 loco
597 1934 746 1994 Suetonius
761 1936 856 2009 habet,
875 1945 903 1992 et
916 1934 1060 1995 extruendi
1077 1935 1132 1994 lori
1145 1935 1274 2013 logne,

174 2027 211 2088 de
228 2048 284 2107 quo
303 2029 420 2088 Sueton.
441 2047 466 2085 c.
484 2030 533 2101 29,
554 2026 684 2087 uidelicet
702 2030 789 2088 litium
809 2038 838 2088 ct
855 2028 1016 2086 iudiciorum
1034 2027 1190 2087 multitudo.
1227 2030 1275 2087 Ea

113 2188 118 2198 .
174 2139 219 2182 res
237 2121 307 2182 adeo
328 2123 452 2200 urgebat,
473 2119 614 2178 otiorum
633 2131 799 2198 antequam
819 2123 954 2198 oportuit,
974 2120 1027 2178 hoc
1045 2131 1102 2192 est,
1122 2131 1274 2199 antequam

173 2215 269 2273 Martis
290 2212 391 2273 Vltoris
417 2216 445 2274 in
473 2233 508 2273 eo
532 2214 666 2291 templum
686 2213 843 2272 dedicatum
868 2223 940 2272 esset
960 2215 1164 2292 publicaretur,
1188 2215 1273 2274 Suet.

173 2325 199 2364 c.
213 2311 253 2365 29
271 2307 324 2366 Dio
345 2309 422 2368 Cass.
443 2327 549 2384 argum.
568 2309 630 2366 libri
648 2307 706 2383 ab,
733 2318 761 2366 et
784 2315 874 2366 tamen
894 2307 974 2366 tarde
992 2308 1021 2366 id
1039 2307 1151 2365 confieri
1170 2325 1275 2383 quere-

172 2409 250 2458 retur
266 2401 406 2477 Augustus
423 2408 452 2456 et
470 2400 592 2456 accusari
610 2417 628 2456 a
646 2401 742 2458 Cassio
759 2401 867 2460 Seuero
887 2410 1008 2479 optaret,
1029 2410 1059 2457 ut
1077 2399 1184 2458 absolui
1202 2417 1274 2476 pos·

172 2503 226 2568 set,
246 2494 332 2553 llacr.
351 2492 413 2550 Sat.
433 2496 464 2565 2,
483 2492 513 2548 4.
552 2492 636 2567 Atqui
661 2493 714 2550 loci
733 2495 864 2572 angustiis
884 2503 988 2572 quanto
1006 2490 1144 2551 molestius
1162 2507 1207 2548 res
1225 2491 1276 2550 fo·

143 2596 151 2614 ·
172 2587 259 2646 rende
277 2584 473 2664 premebatur,
499 2592 579 2642 tanto
598 2587 729 2644 maturius
749 2598 857 2665 tempus
876 2587 1001 2644 iudiciale
1019 2585 1137 2643 relaxari
1157 2593 1275 2660 oporte·

173 2680 220 2736 bat
238 2690 267 2736 et
285 2680 345 2747 sine
364 2679 474 2754 negotio
499 2685 619 2755 poterat.
658 2679 717 2736 lam
743 2699 810 2738 uero
837 2681 931 2757 templi
948 2679 1044 2737 Martis
1068 2677 1276 2734 dedicationem

171 2771 297 2830 incidisse
315 2775 343 2829 in
363 2773 535 2829 consulatum
555 2771 670 2848 Augusti
693 2772 828 2831 decimum
850 2771 1024 2844 attendam,
1050 2787 1153 2828 aunrun
1174 2767 1212 2828 V.
1236 2771 1275 2826 C.

170 2863 239 2934 752,
259 2873 376 2943 apparet
395 2882 429 2920 ex
447 2864 537 2921 Dione
557 2865 654 2922 Cassio
673 2865 724 2938 66,
745 2869 783 2923 10
800 2884 866 2943 pag.
886 2881 992 2922 summa
1011 2864 1068 2922 569
1088 2861 1182 2920 Stura.
1202 2859 1276 2917 Fori

168 2956 324 3016 inteream
343 2975 446 3014 aununr
466 2966 494 3013 et
519 2974 656 3014 secessum
675 2959 781 3016 Tiberii
800 2959 828 3015 in
847 2954 977 3016 Rhodum
1004 2975 1078 3014 anno
1099 2955 1156 3011 748
1178 2953 1276 3028 publi-

171 3050 226 3107 cati
246 3051 412 3108 mentionem
431 3049 651 3116 lacuna‘lsausit.
690 3050 800 3108 Tamen
820 3053 891 3108 ratio
916 3053 968 3108 ista
994 3061 1108 3108 eatenus
1127 3043 1277 3118 satisfacit,

172 3150 205 3198 ut
224 3143 345 3218 nequid
364 3143 475 3202 obstare
496 3139 633 3215 uideatur,
653 3143 719 3218 quin
737 3145 810 3201 circa
829 3162 931 3202 annum
955 3143 991 3201 V.
1010 3143 1044 3201 C.
1064 3142 1206 3199 assistas
1227 3157 1276 3195 res

169 3252 265 3292 omnes
279 3245 375 3311 'gestas
395 3254 455 3293 esse
476 3244 507 3292 et
527 3235 563 3291 de
582 3234 660 3292 sasds
680 3236 811 3294 meruisse
829 3239 982 3312 Augustum
1000 3236 1132 3294 dicamus.
1169 3231 1276 3288 Statim

168 3345 203 3385 ex
222 3329 311 3404 primo
330 3336 441 3401 autem,
469 3326 544 3405 quod
569 3329 670 3405 posui,
697 3328 823 3404 intelligis
850 3328 877 3385 id
903 3329 1007 3388 factum
1033 3345 1095 3384 esse
1120 3334 1276 3401 antequam

169 3419 270 3478 Festos
290 3420 407 3477 Ouidius
425 3422 576 3480 scriberet:
604 3424 755 3496 Augustum
776 3439 900 3478 mensem
919 3424 991 3481 enirn
1010 3419 1133 3498 appellat
1151 3417 1182 3490 6,
1204 3418 1275 3477 147.

169 3513 209 3568 Ac
228 3512 319 3569 nescio
337 3531 373 3569 an
393 3530 497 3587 exeo,
517 3513 593 3590 quod
611 3514 732 3572 secundo
752 3515 814 3571 loco
833 3514 933 3590 legisti,
952 3516 1053 3572 locutio
1073 3513 1130 3568 eius
1150 3510 1198 3566 illa
1217 3527 1275 3568 no-

168 3603 257 3661 tabilis
275 3604 439 3680 explicanda
457 3606 493 3662 sit
512 3606 637 3679 ³‚·ldirr

539 3702 569 3756 io
589 3699 709 3758 lsutrrtrn
727 3701 853 3760 accedero
872 3700 947 3758 debet

366 3791 444 3860 Quos
461 3799 666 3852 consumeretur
684 3795 811 3868 rimatio
829 3813 887 3852 troo
905 3794 972 3852 dies.

166 3882 250 3940 Nouo
269 3883 394 3940 nimirum
420 3884 503 3941 modo
530 3885 584 3943 hoc
610 3885 711 3944 dictum
732 3899 791 3946 ests
820 3889 897 3964 quasi
921 3887 993 3966 epira
1023 3901 1079 3942 non
1104 3882 1169 3940 satis
1194 3895 1274 3941 asset

166 3974 329 4053 interpretes
347 3977 374 4034 in
400 3980 566 4052 adnotabat
584 3976 752 4056 olympiade,
780 3983 866 4039 lustro
888 3997 942 4036 non
970 3977 1113 4049 breuiore,
1139 3976 1275 4038 laborare

164 4067 253 4126 Trist.
271 4071 365 4143 t,10,
381 4070 430 4141 96,
446 4071 501 4141 96,
526 4070 609 4128 Pont.
631 4075 661 4143 4,
675 4075 705 4147 6,
721 4073 751 4142 6,
766 4076 796 4149 6,
824 4074 868 4132 nic
888 4091 980 4130 curans
1000 4072 1117 4130 luscum
1136 4079 1180 4126 est
1197 4087 1274 4144 qua-

164 4166 229 4219 taor
246 4177 381 4219 annorum
398 4158 601 4240 nerracspplc.
636 4165 739 4224 Verum
758 4168 823 4243 quia
836 4166 912 4243 quod
927 4168 1032 4225 Caesar
1050 4162 1115 4223 dict.
1131 4159 1273 4240 εᾶίιοτειῐ,
