2678 4668
380 319 384 335 ,
408 275 466 367 ,lili
488 275 629 330 tantm
649 273 763 338 stema
1019 273 1142 333 *CXXXV

67 425 164 504 pertin
179 423 336 502 pellimur
351 423 503 502 plautum
519 424 662 488 mdeultmt
678 445 751 503 oter,¹
767 425 823 486 lune
837 435 892 503 ert,
910 429 951 488 uti
969 429 1023 491 dia
1039 445 1141 495 atenu-

67 527 144 576 menta
160 517 319 578 aanndinn
338 518 461 582 udlribita
479 519 592 594 donent,
611 511 857 598 substruetidnibuu
876 519 989 587 adiectis
1007 525 1141 600 ruperinri

67 618 131 686 parte
147 620 327 687 exaequatum
346 629 416 672 eree.
455 613 603 673 Miliarinm
622 632 690 672 ueru
709 613 788 689 illud,
806 614 883 692 quud
900 614 983 676 hodie
1001 625 1139 692 renuatur,

68 701 111 760 uid.
121 703 238 778 dumeti,
258 703 347 764 dener.
364 704 433 781 vrb.
449 711 478 787 3,
494 711 524 781 1,
541 726 571 785 p.
584 709 651 782 100,
671 707 734 766 uiae
752 708 860 786 Appiae
878 710 1035 786 appositum
1053 707 1144 779 fuisse
1173 729 1178 738 “
1205 778 1208 784 ,

66 803 162 871 mutat,
175 813 198 854 ‘a
215 815 272 874 qua
292 798 338 856 uia
355 798 453 872 aedem
473 817 529 858 non
549 799 635 881 louge
651 799 754 876 aluisse
772 819 828 860 non
847 802 958 880 quidem
971 800 1068 858 Liuius
1089 805 1138 876 10,

66 891 102 964 ld,
117 889 185 966 quod
203 889 274 948 salto
294 897 375 967 putat
388 890 529 970 Secheiue,
547 893 631 953 imme
648 911 685 954 ne
699 897 748 968 38,
762 897 802 952 28
819 895 930 973 quidem
949 893 1057 970 erguitp
1070 891 1138 952 Ser-

65 982 111 1040 uinr
126 992 211 1042 nmen
230 982 268 1042 ad
288 986 358 1042 den.
378 989 407 1061 1,
427 987 485 1043 296
503 985 631 1046 iudicatu«
654 989 709 1048 dut
729 986 811 1064 igitur
829 986 903 1046 mille
921 987 1062 1064 passibus,
1086 993 1137 1044 aut
1197 997 1199 1004 ’
1222 1012 1223 1022 ¹

65 1075 157 1152 anpline
174 1076 296 1134 distabat
314 1094 349 1139 ea
367 1075 453 1138 aeden
472 1077 544 1138 elluo
562 1079 690 1159 imperita
707 1096 725 1140 a
742 1087 824 1156 porta
835 1079 960 1156 Capena,
971 1096 1053 1156 ¹quae
1066 1075 1135 1136 Oni-

64 1163 167 1228 diaeuu
183 1168 246 1230 init.
287 1168 384 1231 rotat
402 1169 473 1232 aden
491 1189 510 1230 a
529 1190 597 1232 nero
618 1191 675 1232 uon
693 1172 778 1249 lunge
794 1171 892 1230 aberae
908 1173 1069 1256 Appianae,
1087 1171 1135 1250 qui

65 1259 112 1320 ldl.
128 1262 178 1321 eiu.
197 1267 227 1339 9,
241 1265 281 1322 41
302 1261 457 1342 quindecim
477 1263 584 1340 stadia,
608 1263 638 1326 lu.
658 1283 685 1326 e.
705 1281 795 1344 paene
819 1262 875 1323 dun
899 1265 985 1324 millia
1003 1282 1133 1344 partuum

64 1351 134 1413 tradit.
167 1354 215 1429 De
230 1363 307 1416 lente
323 1359 373 1416 triu
392 1357 429 1416 ad
449 1357 608 1436 proximum
622 1359 757 1422 Varronis
775 1358 873 1416 librum
892 1368 1059 1437 exponetur..
1113 1421 1117 1427 ,

116 1449 224 1508 Tertiae
242 1448 322 1508 aedir
341 1447 440 1510 eodem
459 1449 505 1509 die
523 1465 587 1510 enm
600 1451 787 1529 superioribus
801 1451 908 1510 duabus
923 1451 1067 1514 dedicatae
1081 1469 1132 1520 nne

62 1542 227 1617 neniarum,
247 1552 361 1622 tempus
380 1562 436 1602 nnn
456 1553 581 1604 tenemus
600 1553 706 1604 exarte.
743 1545 988 1624 'tempestatis
1007 1544 1132 1630 appella·

63 1641 97 1689 nr
109 1636 137 1692 ab
154 1635 265 1720 Ouidio·
277 1646 307 1696 et
327 1637 355 1698 iu
375 1637 471 1696 notitia
490 1637 584 1712 Vrbis,
604 1637 876 1718 'llempettatum
894 1639 922 1697 in
942 1639 1021 1698 titulo
1038 1639 1133 1716 aepul-

62 1726 154 1788 crull.
171 1729 311 1810 Scipiueie
330 1729 447 1790 Barbati
472 1729 494 1790 s.
523 1748 581 1792 tos.
607 1749 635 1793 n.
661 1734 697 1793 V.
717 1734 751 1793 C.
769 1735 842 1807 494,
870 1729 932 1789 uide
955 1729 1078 1790 Bunsen.
1102 1737 1133 1788 et
1200 1741 1202 1746 ’

59 1816 154 1880 lletner.
171 1824 200 1881 in
224 1821 319 1882 deser.
341 1823 411 1883 Vrb.
431 1832 453 1882 t.
468 1828 498 1899 3,
518 1843 548 1903 p.
564 1830 593 1900 1,
613 1844 644 1904 p
661 1829 736 1902 516,
762 1835 791 1885 et
816 1823 892 1902 apud
911 1823 1130 1895 Horatinm‘eel.

60 1914 93 1985 1⁰,
104 1916 144 1972 24.
178 1915 208 1972 ln
234 1915 352 1992 regione
377 1917 466 1995 primu
492 1917 566 1975 circa
586 1928 694 1995 portam
713 1921 856 1998 Capenam
876 1917 974 1976 notitia
998 1933 1059 1975 eam
1085 1933 1130 1974 re·

58 2016 136 2064 eunt.
169 2009 278 2068 Auctor
295 2009 348 2070 ille·
360 2009 434 2070 idem
453 2008 489 2068 1..
505 2009 649 2071 Cornelius
668 2013 706 2074 L.
719 2014 742 2073 i.
758 2014 811 2072 Cn.
828 2031 857 2072 n.
877 2011 971 2088 Scipio
989 2007 1054 2084 snit,
1071 2005 1128 2068 uid.
1200 1997 1214 2022 '³

59 2093 194 2178 litam,
210 2103 323 2177 15,15.

113 2194 226 2272 'lernpln
245 2195 421 2254 Bellonae
440 2205 474 2255 et
494 2197 658 2257 Herculia
678 2194 844 2256 Custodia
863 2193 1004 2274 prnpridie
1023 2201 1054 2254 et
1067 2193 1145 2270 pria

58 2279 89 2341 de
105 2284 172 2345 Non.
195 2287 259 2348 lun.
287 2288 416 2348 dedicata
441 2298 506 2352 eunt
532 2291 649 2350 tentibus
674 2287 778 2350 Ouidio
803 2299 834 2348 et
859 2288 952 2369 lapide
969 2285 1128 2352 *venusina

57 2377 151 2438 Alterum
166 2381 235 2441 iecit
255 2383 365 2460 Appine
383 2383 516 2444 Claudiae
536 2385 662 2459 Caecus,
689 2401 746 2441 nnn
765 2382 794 2441 in
812 2401 931 2443 censura
948 2382 1015 2442 anni
1035 2381 1071 2440 V.
1091 2379 1129 2441 C.

57 2471 109 2548 ill,
123 2475 158 2532 uti
176 2477 267 2536 uideri
285 2477 372 2555 puerit
389 2476 542 2538 eorundum
560 2475 680 2553 lapidem
700 2477 870 2553 litteratum,
890 2495 973 2554 quem
992 2476 1128 2552 interpre-
1146 2461 1151 2472 ’

56 2571 109 2622 tun
121 2567 278 2628 llnreellina
296 2567 333 2626 de
350 2569 413 2628 utile
431 2570 514 2630 inser.
535 2575 564 2644 1,
583 2588 614 2648 p.
628 2573 696 2647 269,
716 2569 767 2628 nir.
787 2569 924 2630 Niebuhr.
944 2569 1008 2628 hiat.
1023 2569 1079 2631 Ro.
1097 2572 1128 2642 3,

56 2662 143 2732 pilo,
159 2663 209 2721 eed
227 2671 296 2742 port
315 2679 418 2721 annum
436 2663 513 2738 455,
532 2680 589 2739 qno
609 2672 706 2722 uotum
725 2651 892 2728 narratura
909 2661 992 2728 Liuio
1012 2664 1060 2736 10,
1081 2663 1127 2720 19.

55 2747 147 2830 liniue,
169 2767 255 2835 quem
276 2755 341 2815 uide
359 2765 418 2816 nat.
438 2755 501 2816 lriat.
521 2757 571 2831 35,
589 2761 617 2827 3,
638 2761 719 2831 512,
738 2745 903 2818 fortasreid
923 2752 1055 2818 traditum
1074 2754 1128 2814 ali-
1165 2771 1168 2776 ¹

56 2845 100 2903 mil
113 2849 211 2910 inuenit
230 2867 307 2908 enno
320 2851 388 2908 459.
419 2850 546 2910 Herculis
565 2851 661 2930 templi
679 2849 820 2910 historiam
833 2850 909 2908 eolus
925 2847 1041 2908 Ouidius
1060 2865 1127 2925 pre-

55 2933 90 3011 dt,
104 2939 238 3004 decretam
257 2943 345 3002 iniere
361 2959 396 3002 ex
414 2942 490 3003 innan
507 2945 639 3004 librorum
652 2928 862 3019 Sibyllinorum,
881 2941 1036 3020 perlectam
1054 2957 1071 3024 a
1090 2941 1126 3001 L.
1186 2973 1188 2976 ·

55 3027 111 3090 Sula
125 3035 277 3096 dietntnrer
292 3055 327 3096 ea
345 3037 418 3097 euim
438 3047 576 3115 potestate
593 3037 725 3115 prolem
742 3037 869 3110 uidetur,
888 3035 964 3113 quod
983 3049 1144 3102 censorum,

54 3121 101 3182 diat
114 3127 169 3206 luit,
187 3131 254 3190 Liu.
276 3133 307 3206 4,
326 3127 385 3190 22.
413 3130 459 3188 De
478 3130 541 3191 loeo
566 3131 664 3192 harum
692 3130 801 3189 aedium
821 3145 938 3203 uereor,
964 3137 995 3186 ut
1013 3143 1129 3184 actura·

54 3213 92 3274 flur
105 3223 162 3298 quid
180 3225 246 3284 ariri
265 3225 364 3302 possit,
384 3241 468 3302 qnam
482 3226 518 3283 ab
531 3223 645 3299 Ouidio¹
655 3223 784 3298 traditur,
804 3219 879 3300 apud
893 3239 977 3299 quem
992 3219 1042 3279 etsi
1060 3237 1128 3298 pru·

54 3305 142 3374 labiim
159 3329 202 3377 eet
220 3335 361 3377 nummum
381 3318 490 3378 (lirum
509 3317 609 3377 u.'205
634 3316 789 3394 significare
814 3324 922 3394 partem
948 3313 1127 3390 anteriorem,

54 3415 126 3464 utne
142 3417 226 3488 etque
243 3409 360 3468 Sanlnin
378 3410 472 3488 planet
484 3418 512 3483 l,
526 3431 557 3490 p.
569 3415 637 3484 402,
657 3409 946 3488 tamenqnantumuis
965 3408 1036 3466 nutis
1055 3407 1128 3466 Circi
1169 3476 1171 3484 Α

52 3489 152 3560 luminii
167 3503 270 3562 finibus
280 3503 435 3562 eeenndnm
449 3522 510 3580 ene,
528 3515 599 3582 qnos
610 3503 753 3562 Nardinua
764 3509 783 3562 9
796 3524 826 3582 p.
837 3508 873 3560 21
888 3503 1011 3577 adhibet,
1031 3510 1125 3569 testae,

54 3585 120 3650 illem
134 3613 202 3672 pura
220 3617 251 3655 n.
267 3599 326 3656 209
344 3597 450 3670 tribur,
470 3599 517 3654 uel
536 3599 657 3676 qnalnnr
676 3598 762 3657 modin
781 3598 895 3675 intelligi
914 3604 1023 3675 puteat,
1041 3594 1065 3652 ei
1084 3590 1127 3650 di·

53 3679 164 3759 ll'ssguat,
183 3691 224 3748 uti
243 3700 340 3750 monet
358 3689 490 3748 Satlniua
509 3709 539 3769 p.
552 3692 610 3750 528
626 3701 660 3750 et
678 3692 753 3767 519,
771 3691 920 3750 Herculem
938 3679 1080 3748 Musarum
1098 3692 1129 3744 et

54 3769 185 3858 Custodem,
204 3800 265 3841 nnn
279 3783 445 3861 nnninndea,
465 3786 506 3843 nti
517 3783 591 3844 idem
605 3784 672 3844 ierit
682 3803 713 3863 p.
723 3786 799 3858 402,
815 3782 849 3842 'la
860 3781 994 3842 Hercules
1008 3781 1128 3856 Magnus

55 3861 130 3930 Citius
145 3875 172 3934 in
187 3876 272 3936 Ciren
286 3875 435 3952 Flaminio,-
453 3896 511 3936 nnu
530 3878 603 3937 Circi
621 3877 759 3954 Flaminii,
779 3876 824 3936 nti'
838 3876 915 3955 apud
932 3871 1127 3935 P.·Vietorem

54 3964 133 4032 ³¹21ss
149 3968 208 4046 ipen
227 3988 368 4031 marmure
387 3971 604 4050 Capranicornm
626 3971 697 4050 prid.
716 3970 758 4030 ld.
777 3970 848 4047 Aug.
869 3983 1020 4048 perperam
1040 3963 1126 4026 ascri·

57 4043 109 4111 litu
123 4075 170 4136 pru
190 4063 313 4124 Hernnle
330 4064 437 4124 lnnieto
456 4063 493 4124 ad
511 4062 627 4124 Circum
646 4064 806 4130 Maximum.
1106 4051 1111 4063 '

110 4149 150 4214 Du
165 4155 335 4220 Saurania
360 4158 473 4282 {anei
498 4158 604 4237 templu
628 4160 652 4218 ai
672 4157 790 4220 Ouidius
809 4156 945 4219 eonrnluit
963 4155 1127 4222 Varronem,
1189 4173 1193 4180 ⁴
