2688 4680
1 241 2 250 ¹
123 243 130 266 ⁴·
165 243 336 324 Ι661666
661 243 705 291 nc
726 229 805 292 osus
864 293 869 302 ,

264 394 479 477 Apollinem¹
492 393 676 456 diuinatorem
699 405 729 456 ct
753 395 889 456 medicum
908 391 976 454 dixit
994 393 1104 471 Varro,
1128 395 1222 456 officia
1241 399 1289 459 dei

180 491 384 553 uetustioribus
403 489 538 548 Romanis
562 499 629 549 nota
654 481 848 569 complexus.'
865 489 938 550 Nam
963 489 1181 551 demonstratum
1206 503 1288 553 est‘a

188 582 338 644 Clausenio
356 603 386 662 p.
401 585 459 641 616
478 599 514 640 ex
539 586 748 646 narratiuncula
773 582 810 640 do
828 582 952 659 Sibyllae
970 583 1091 666 Rumam
1114 583 1241 645 aduentu
1259 598 1289 647 et

75 669 83 700 ³
186 676 225 736 de
247 675 374 735 consulto
398 693 417 734 a
436 677 595 754 Tarquiniis
618 679 732 735 oraculo
750 675 904 754 Delphico,
930 694 986 753 qua
1012 677 1040 733 16
1065 693 1097 735 re
1116 675 1286 755 06161662,

185 770 242 826 711
258 788 319 847 sqq.
341 769 425 830 alium
444 782 586 830 auctorem
606 773 730 850 sequitur
749 789 784 828 ac
800 769 948 846 Dionysius
967 771 998 843 4,
1016 771 1064 844 60,
1090 769 1142 828 sed
1165 772 1287 832 cundem

113 921 116 932 ,
185 877 249 920 cum
267 862 349 920 Liuio
370 869 397 938 1,
415 864 465 937 66,
484 865 576 942 colligi
595 877 678 943 posse
696 865 809 943 priuata
828 862 962 942 Apollinis
980 879 1060 920 sacra
1084 880 1101 919 6
1120 861 1288 924 Phocaeen-

133 1005 136 1012 .
184 953 259 1014 sibus
279 955 394 1028 (lustin.
413 960 465 1028 43,
480 957 518 1034 0)
539 957 698 1040 Tarquiniis
718 957 835 1016 traditas
861 956 1053 1015 Plsooaeenses
1073 955 1145 1013 enim
1166 959 1288 1017 coluisse

184 1049 340 1126 Apollinem
355 1049 472 1109 docetur
490 1055 694 1129 aun.1100ay.
729 1053 811 1108 Hunc
825 1049 978 1126 Apollinem
994 1047 1176 1108 diuinatorem
1194 1051 1287 1111 fuisse

183 1144 273 1220 magis
292 1131 411 1221 apparet
428 1164 463 1202 ex
482 1147 684 1205 narrationibus
703 1143 771 1217 istis,
791 1161 875 1220 quarn
896 1161 932 1200 cx
951 1143 1121 1216 coniectura,
1139 1143 1286 1203 audaciori

183 1235 321 1311 fortassis,
341 1237 480 1296 Clauseuii
499 1239 536 1298 de
548 1240 729 1316 Thymbraeo
745 1237 809 1294 deo.
844 1233 958 1293 Publice
976 1235 1080 1293 cultum
1099 1253 1161 1294 esse
1178 1255 1288 1313 cogno·

183 1330 269 1388 scitur
287 1347 321 1388 ex
333 1329 406 1387 Liuii
422 1332 512 1388 uerbis
526 1337 556 1407 3,
569 1335 606 1390 63
626 1331 662 1390 66
681 1330 768 1389 ueteri
786 1338 930 1407 pratorum
944 1327 1141 1387 Flaminiorum
1161 1332 1285 1406 nomine,

183 1437 256 1500 quae
275 1424 393 1481 certiora
411 1434 476 1482 sunt
489 1425 668 1483 Varronianis
684 1423 754 1482 661.
770 1423 789 1482 l.
802 1425 832 1498 6,
847 1423 896 1495 62,
915 1427 974 1479 tuin
994 1440 1029 1480 ex
1045 1441 1090 1498 eu,
1111 1423 1187 1501 quod
1207 1441 1285 1483 anno

143 1564 147 1580 ,
181 1515 219 1576 V.
236 1516 271 1575 C.
287 1519 344 1574 666
363 1503 450 1594 legati
463 1517 588 1598 Delphos
607 1518 681 1576 missi
700 1526 765 1575 sunt
783 1517 947 1575 sciscitatum
961 1514 999 1573 de
1016 1515 1159 1593 prodigiis,
1175 1517 1239 1576 Liu.
1250 1519 1284 1592 6,

182 1610 231 1670 16.
261 1611 292 1668 16
306 1609 519 1688 indigitamentis
534 1613 643 1670 Sabinis
659 1609 796 1696 11166666,
816 1611 862 1687 qui
881 1609 956 1666 solus
976 1609 1047 1666 inter
1066 1607 1182 1668 selectos
1200 1629 1286 1692 grae-

93 1737 97 1742 ·
181 1723 246 1763 cum
269 1719 371 1763 nomen
391 1707 531 1780 seruauit,
556 1722 616 1762 esse
635 1722 691 1762 non
710 1704 814 1781 potuit3
840 1702 898 1760 uid.
918 1701 1022 1761 Arnob.
1037 1707 1074 1776 2,
1084 1703 1134 1760 ta.
1172 1703 1286 1770 Quam-

180 1813 266 1874 quam
284 1796 313 1854 id
331 1814 431 1857 nomen
451 1799 572 1858 Romani
599 1806 783 1875 corruperunt
807 1807 917 1876 maturo
941 1795 977 1854 66
997 1796 1163 1854 Sabinorum
1189 1799 1286 1855 numi-

180 1907 248 1950 num
267 1891 469 1950 similitudinem
487 1891 672 1967 dixeruntque
684 1889 834 1966 Apertum,
855 1889 1154 1965 Ρ661.1)166.22,16.
1193 1889 1285 1949 Prae-

181 1992 260 2042 terea
278 1983 344 2042 1666
362 1986 398 2042 ab
417 2003 491 2044 anuo
508 1983 672 2045 1611022
691 2001 726 2040 ex
747 1983 822 2040 iussu
837 1983 972 2044 ,librorum
991 1981 1189 2058 Sibyllinorum
1209 1993 1286 2043 teste

179 2066 263 2137 Liuio
277 2079 307 2154 4,
318 2077 355 2135 26
375 2077 398 2136 is
418 2077 535 2156 Apollo,
561 2076 820 2155 quern'biaorobius
839 2087 893 2135 sat.
914 2081 943 2151 l,
960 2079 997 2133 17
1016 2095 1034 2134 a
1052 2075 1202 2152 uirginibus
1222 2077 1284 2135 Ve-

180 2171 295 2230 stalibus
308 2171 457 2234 ‘Mettum
474 2179 501 2232 cl
519 2175 638 2231 Poeaus
655 2169 815 2227 innotatum
835 2169 913 2243 dicit,
930 2169 986 2227 coli
1005 2171 1108 2247 coepit,
1130 2170 1194 2229 uide
1212 2173 1285 2228 Am·

180 2263 291 2340 brusch.
310 2283 341 2344 p.
354 2269 408 2324 171
427 2284 494 2325 666.
505 2267 543 2322 66
562 2273 591 2322 61
610 2263 740 2322 Clausen.
759 2279 790 2340 p.
798 2253 973 2337 263-271,
993 2266 1194 2342 61006666,
1211 2263 1284 2340 ple-

175 2375 297 2435 rumque
315 2369 431 2436 propter
448 2357 636 2438 pestilentias,
660 2357 791 2429 abortus,
814 2355 861 2413 uel
884 2357 980 2414 similia
999 2355 1282 2433 morbosaptodigia

180 2451 336 2527 expianda,
361 2454 444 2529 plane
470 2461 502 2509 ut
521 2451 596 2527 apud
616 2451 747 2511 Graecos
761 2440 934 2523 1661666166
952 2461 981 2508 61
1005 2441 1197 2523 ἀλεξίκακος,
1221 2447 1282 2508 do·

180 2552 261 2602 ceute
275 2543 412 2602 Pausania
432 2546 462 2618 8,
474 2545 568 2616 to,7;
588 2547 617 2600 8.
650 2545 837 2632 ’0616166166
857 2541 911 2600 hoc
929 2561 1043 2621 quoque
1060 2543 1177 2601 alterum
1198 2543 1281 2624 apud

179 2636 333 2701 Varronem
358 2637 403 2694 dei
422 2655 524 2694 numen
544 2634 629 2692 latina
647 2635 784 2712 Apollinis
802 2635 984 2712 originatione
1003 2636 1283 2696 Rotnaniiusorma-

122 2761 127 2772 ·
179 2738 261 2801 runt,
287 2729 603 2804 Ρ661.1)166.22,11,
627 2727 750 2786 Macrob.
773 2733 865 2804 1,17‚
890 2729 955 2787 1666
977 2731 1146 2808 interpretur
1168 2729 1281 2791 sactum

178 2839 250 2900 esse,
268 2833 300 2883 ut
318 2824 439 2884 Marcius
460 2829 537 2880 uates
557 2839 630 2879 6666
649 2822 686 2880 V.
698 2822 732 2880 C.
751 2823 811 2880 640
829 2823 864 2880 66
882 2822 1077 2901 depellendum
1096 2824 1175 2883 ltalia
1194 2826 1282 2883 lian-

120 2979 123 2986 ,
176 2916 296 2978 tribulem
316 2918 424 2977 iuberet
441 2915 522 2974 ludos
541 2915 643 2987 institui
657 2917 792 2995 Apollini3
812 2918 862 2974 nisi
880 2920 1005 2976 66161666
1023 2917 1198 2978 uocabulum
1209 2939 1283 2998 pre·

175 2997 338 3071 nsre'netis
357 3011 432 3090 apud
452 3011 515 3069 Liu.
537 3006 586 3083 26,
603 3015 655 3068 126
675 3010 816 3068 Clausenii
836 3009 963 3088 displicet
984 3013 1056 3069 ratic
1074 3031 1103 3090 p.
1116 3012 1189 3072 2592
1209 3012 1282 3073 uiso

174 3105 236 3166 uun
251 3107 389 3184 Wolfpoll
403 3105 496 3183 Apoll,
516 3103 564 3162 661
582 3102 633 3161 666
646 3103 764 3163 6616666
781 3105 825 3164 eiu
846 3103 929 3178 Wolf
942 3105 1051 3164 6666666
1068 3105 1133 3180 null,
1151 3121 1192 3164 66
1210 3106 1281 3168 st·-

61 3233 66 3242 =
173 3215 233 3260 166.
273 3201 309 3258 Hi
335 3192 1282 3277 6661661661666661616616661666661”(1166611616116666

174 3290 307 3352 dissensio
333 3296 405 3354 iuter
423 3293 533 3354 Liuium
552 3292 600 3362 26,
617 3297 653 3350 12
679 3293 725 3350 661
752 3292 845 3370 potius
865 3291 1005 3350 Valerium
1024 3293 1182 3367 Antiatem,
1207 3294 1281 3355 uide

83 3385 86 3398 '
173 3384 237 3446 Liu.
254 3389 302 3462 36,
313 3389 361 3461 36,
380 3405 462 3465 quem
477 3388 559 3444 stiam
574 3383 691 3444 Ouidius
705 3387 736 3460 4,
749 3386 805 3445 367
825 3385 943 3443 fortasse
961 3386 1095 3464 sequitur,
1114 3395 1143 3444 et
1153 3385 1278 3447 Festum

173 3495 204 3556 p.
216 3481 272 3536 326
292 3479 365 3540 dent.
385 3479 578 3558 componenda
603 3484 676 3554 est),
701 3479 765 3537 ideo
789 3495 863 3536 auno
882 3477 918 3538 V.
940 3479 974 3538 C.
994 3481 1050 3536 673
1075 3477 1212 3538 theatrum
1240 3491 1277 3542 et

171 3573 346 3652 proscenium
363 3573 400 3632 ad
413 3573 510 3635 aedem
526 3575 659 3654 Apollinis
670 3580 838 3646 extructum,
857 3571 920 3630 Liu.
934 3573 983 3646 tu,
996 3573 1042 3642 61,
1062 3581 1092 3628 61
1109 3572 1173 3632 1666
1193 3573 1277 3636 61ιὶ

172 3669 294 3743 parasiti
311 3667 451 3748 Apollinis
468 3669 585 3728 instituti
605 3668 752 3740 61666166,
779 3667 828 3744 qui
847 3675 1097 3724 commemorantur
1113 3666 1190 3743 apud
1209 3667 1280 3730 Fe-

170 3767 243 3821 stum
262 3761 330 3819 luco'
343 3762 469 3842 proxime
491 3763 549 3823 ind.
570 3772 599 3822 et
622 3763 649 3821 in
677 3761 756 3818 titulo
776 3759 919 3818 Orellianu
945 3777 973 3816 n.
993 3757 1088 3834 2626,
1111 3761 1279 3839 dequibus

170 3869 233 3910 cum
252 3873 308 3912 nou
328 3857 445 3914 multum
465 3858 640 3936 exploratum
659 3871 719 3912 esse
741 3843 867 3928 uideam,
886 3853 997 3911 ascribo
1012 3854 1102 3911 locum
1120 3853 1278 3934 Augustini

109 3945 115 3958 '
169 3943 207 4006 de
226 3965 251 4005 c.
264 3947 293 4007 d.
312 3952 342 4023 6,
354 3951 390 4009 76
410 3949 549 4027 Spatiosas
567 3951 651 4008 611666
670 3945 735 4006 duos
753 3949 897 4026 purusilus
914 3950 994 4011 touls
1011 3945 1050 4005 ud
1067 3950 1127 4006 suu
1141 3965 1278 4010 memus

60 4103 64 4107 .
97 4107 102 4126 .
170 4041 218 4117 qui
237 4047 445 4113 eortsllluaual,
465 4045 530 4122 quid
548 4043 627 4102 61166
647 4039 730 4118 quum
748 4044 860 4101 666666
878 4059 961 4099 socru
978 4057 1038 4099 asse
1052 4039 1275 4102 6616611611-

170 4135 248 4196 Haec
266 4137 346 4212 sunt,
373 4136 424 4194 nisi
448 4135 542 4213 fallor,
563 4135 695 4216 Apollinis
712 4129 911 4222 161666γέ1611Ι
926 4135 1095 4204 &Romanis
1114 4137 1182 4197 olim
1201 4137 1276 4202 culti
