2636 4678
446 281 611 334 susorum
822 241 857 338 γ’
1000 278 1108 338 xxxt.

44 457 70 497 on
84 435 199 496 inclutis
215 435 304 514 iisqui
323 443 444 496 restante
463 433 500 494 de
519 452 575 512 qua
592 449 627 492 re·
641 430 714 490 inira
729 429 839 492 uberius
856 429 1003 492 dicendum
1022 429 1084 502 erit.

44 551 69 590 m
83 549 145 590 nuuc
162 539 245 588 tamen
262 547 373 588 moneo.
544 583 547 592 Δ
846 579 849 594 ,
962 591 965 600 ¹
1153 517 1160 526 ’

83 621 185 684 Ouidius
200 640 281 700 saepe
294 622 331 680 ad
344 623 418 700 ipsos
430 619 518 680 iactos
531 617 641 697 publica
653 619 817 678 auctoriate
830 618 985 695 propositos
997 619 1084 679 lecto·

44 733 71 776 an
84 735 152 775 sunm
168 716 290 790 remittit,
317 716 393 774 uelut
411 715 483 788 illic,
507 715 554 772 ubi
578 713 615 774 de
633 713 741 772 dierum
758 711 914 773 discrimine
933 715 1085 789 generatim

44 811 128 886 munit,
144 809 186 868 lib.
198 815 223 866 l.
241 828 258 867 a
281 828 354 868 ners.
373 809 422 868 45.
462 808 542 877 Quos
560 805 663 866 indicat
682 806 760 879 diss,
786 812 851 870 aunt
869 795 986 880 nefasti,
1009 805 1084 883 sinti,
1202 881 1204 888 ,

44 901 102 960 issu
122 921 152 961 ex
174 913 251 981 parte
274 903 377 981 priori,
406 921 436 960 us
451 903 597 975 49-52,
624 899 774 960 comitiales
794 917 824 958 u.
839 897 896 973 53,
922 899 1085 964 nundinales

44 995 98 1069 uit,
113 996 159 1054 atui
177 1015 221 1056 un.
232 998 379 1056 57-60„
397 997 505 1054 Horum
522 994 559 1054 de
576 993 770 1052 nundinalibus
781 992 906 1070 'primum
924 1011 1014 1070 panca
1034 1013 1085 1054 ne·

44 1087 86 1160 alo,
100 1107 161 1166 qnae
178 1089 266 1150 adhuc
284 1091 380 1167 ignota
395 1101 475 1168 puto,
494 1089 560 1166 quia
578 1105 675 1146 eorum
694 1096 760 1145 nota
780 1085 878 1163 quouis
897 1085 942 1147 die
959 1087 990 1144 in
1007 1088 1086 1150 sarm

44 1181 119 1256 prius.
152 1181 268 1242 Oreliins
294 1181 389 1242 docuit
408 1199 502 1240 earum
522 1180 675 1241 litterarum
693 1179 805 1253 A-fl,
826 1197 899 1256 quae
917 1198 969 1257 per
989 1200 1085 1244 omnes

44 1289 107 1333 muer
126 1276 269 1351 iterantur,
294 1265 479 1336 nundinarum
502 1273 677 1332 interuallum
704 1273 916 1351 repraesentari.
961 1275 1023 1334 {loe
1049 1295 1085 1338 ex

44 1363 117 1426 laren.
132 1367 164 1428 de
180 1388 212 1429 re
230 1380 299 1429 rust.
317 1375 336 1426 2
355 1370 414 1428 init.
435 1367 541 1446 pridem
553 1367 666 1444 Pighius
681 1376 710 1425 et
723 1367 848 1444 Scaliger
866 1377 1014 1443 nouerant,
1034 1388 1087 1430 nec

45 1475 84 1534 epu
101 1472 150 1521 erat
171 1475 285 1543 propter
303 1463 457 1522 Blancltinii
484 1460 587 1540 piacita
614 1470 721 1518 tantum
745 1461 946 1539 pulcherrimae
972 1463 1087 1526 elmrtae

47 1553 103 1626 ptris
131 1555 198 1616 Nam
216 1559 329 1617 scherus
348 1554 506 1616 confectum
530 1563 573 1612 est
591 1555 626 1613 ab
647 1552 767 1628 Orellio,
792 1574 849 1633 quo
872 1567 1040 1636 appareret,
1063 1560 1089 1624 si

50 1641 129 1707 ltlsds
144 1649 272 1712 Iunonis
288 1649 428 1710 nundinae
446 1649 552 1727 primae
570 1648 704 1722 fuissent,
719 1647 819 1706 deinde
835 1651 973 1726 proximas
991 1651 1020 1709 in
1034 1671 1088 1712 no·

52 1752 86 1794 tm
100 1740 154 1801 diem
179 1745 344 1813 Vld,1an.
363 1742 506 1815 incidisse,
533 1750 618 1818 atque
643 1743 682 1800 ita
708 1741 848 1820 deinceps.
891 1744 1011 1819 Mirum,
1036 1747 1089 1806 uisi

52 1826 119 1892 Odius
133 1843 236 1914 putauit
254 1840 376 1898 litteram
388 1835 414 1892 A
427 1853 538 1912 semper
556 1834 692 1904 nundinas
711 1835 873 1912 significare.
902 1837 988 1905 Quod
1004 1839 1088 1917 longe

52 1939 142 1990 nost.
175 1931 298 1990 Primum
318 1932 390 1988 enim
410 1931 434 1988 si
455 1947 530 1987 auno
549 1929 642 2006 aliquo
668 1929 697 1986 in
723 1928 782 1988 dies
802 1947 836 1988 ea
854 1930 947 1988 littera
964 1933 1089 2008 signatae

54 2018 130 2080 sinim
144 2026 265 2084 incidisse
292 2023 443 2098 concedas,
468 2025 593 2102 proxime
619 2025 746 2101 sequenti
764 2042 821 2082 non
839 2023 1011 2098 inciderunt,
1036 2026 1088 2086 nisi

55 2107 188 2178 iunianis
203 2121 305 2198 prioris
329 2118 486 2197 primasque
504 2117 644 2194 sequentis
663 2120 729 2174 anni
753 2116 890 2176 nundinae
910 2118 1088 2194 quatriduum

57 2210 112 2266 lituu
125 2211 248 2274 interfuit.
289 2211 399 2270 Deinde
417 2210 515 2269 sedulo
536 2218 647 2267 cautum
666 2218 709 2268 est
727 2209 764 2266 ab
782 2210 824 2284 iis,
844 2209 891 2286 qui
908 2209 986 2268 lastis
1004 2229 1088 2288 prae·

58 2307 112 2370 flat,
124 2321 151 2362 ne
166 2306 194 2365 id
213 2323 337 2384 nuquam
357 2304 455 2379 tieret,
475 2303 551 2381 quod
572 2300 669 2361 Orellii
688 2301 799 2360 schema
818 2319 870 2378 pro
889 2321 967 2362 more
987 2306 1088 2366 usitato

59 2385 184 2458 lltlabmi.
221 2401 279 2458 Dio
297 2401 347 2472 48,
368 2401 424 2456 33:
449 2393 500 2454 καὶ
519 2385 619 2474 ἡμέρα
639 2386 807 2470 ἕμβόλιμος
826 2389 910 2472 παρὰ
930 2391 969 2459 td
988 2399 1087 2460 καθε-
1177 2381 1183 2392 ’

63 2479 131 2554 unsa
146 2485 318 2570 ἐνεβλήθη,
341 2484 394 2548 ἵνα
412 2483 457 2567 μὴ
476 2480 497 2565 ἦ
517 2484 667 2565 νουμηνία
685 2488 741 2546 τοῦ
760 2485 906 2565 ἐχομένου
924 2482 1012 2562 i‘reug
1031 2486 1088 2570 ssia

65 2559 177 2662 italicis
201 2577 258 2643 διὰ
282 2582 344 2641 τῶν
370 2575 457 2642 ἐννέα
477 2571 599 2659 ἡμερῶν
625 2574 725 2662 λάβῃ,
750 2575 826 2661 ὅπερ
845 2576 907 2644 sind
931 2586 986 2646 τοῦ
1004 2579 1089 2646 naso

65 2654 129 2740 ltrition
142 2673 264 2758 σφόδρα
283 2668 485 2754 ἐφυλάσσετο,
528 2677 598 2737 Hine
616 2678 762 2756 mupifesto
780 2688 900 2757 apparet
924 2699 1017 2758 neque
1039 2682 1089 2741 lit-

65 2764 134 2858 aar,
153 2791 241 2851 neque
263 2773 311 2830 ulli
330 2772 376 2830 alii
395 2772 709 2854 oomnnterpnnndinss
728 2771 893 2834 adhaesisse.
932 2774 1027 2836 Facile
1045 2785 1089 2836 est

67 2853 149 2938 *istm
170 2864 311 2944 quomodo
330 2883 381 2933 res,
394 2873 476 2942 gesta¹
489 2863 593 2938 suerit,
620 2883 671 2924 nec
690 2866 831 2943 ignorasse
851 2867 986 2926 Orellium
1004 2878 1087 2947 puto,

68 2943 138 3040 illini
151 2969 288 3037 spectasse
301 2965 342 3016 ”et
361 2959 460 3035 egisse.
504 2958 530 3018 A
552 2960 697 3037 supremis·
716 2962 781 3018 anni
807 2963 940 3039 cuiusque
958 2963 1087 3024 nundinis
1111 2953 1130 2989 '¹

70 3047 231 3130 lizttenpns,
259 3052 400 3110 octiduum
419 3051 587 3120 ducebatur:
615 3063 730 3112 octauus
755 3054 814 3114 dies
837 3056 865 3112 in
888 3073 973 3132 quam
991 3073 1090 3118 eruturus¹

153 3163 251 3223 ‚quae
270 3147 347 3204 initio
365 3146 484 3204 ianuarii
502 3146 531 3204 in
550 3145 628 3205 fastis
646 3145 793 3209 Maffeanis
812 3148 960 3224 leguntur,
977 3150 1088 3210 incidis·

94 3245 122 3294 ,a
133 3235 211 3298 littera
232 3239 291 3298 eins
310 3239 375 3298 anni
393 3238 530 3297 nundinas
550 3258 645 3298 omnes
663 3239 811 3298 indicabat.
851 3241 922 3304 Cum
941 3243 1088 3304 intercaln.

108 3331 248 3400 &ultimus
268 3334 333 3392 anni
352 3333 410 3392 dies
430 3333 586 3414 litteramF
600 3333 705 3392 habunt.
739 3333 783 3391 En
802 3330 930 3394 litterali
944 3337 967 3394 si
986 3339 1087 3399 nundi·

103 3427 210 3485 tutum
225 3444 328 3500 annum
343 3426 439 3486 habuit
452 3427 607 3502 adiunctas,
626 3427 678 3486 nisi
691 3445 725 3486 eo
738 3428 800 3505 ipso
819 3447 892 3504 auno
909 3430 1087 3494 intercalare·
1210 3495 1218 3506 ,

106 3517 268 3592 liumus
284 3518 423 3578 annidies
438 3528 591 3598 postremae
607 3518 744 3580 nundinas
757 3521 885 3598 haberet,
904 3525 931 3584 in
943 3525 1087 3587 Mendes

104 3597 187 3678 ''anni
201 3612 338 3672 nundinas
353 3609 523 3673 conferebat.
548 3613 584 3680 la
597 3614 737 3692 quomodo
754 3613 906 3676 deuitatum
919 3616 1014 3696 suant,
1031 3620 1087 3682 Dio

110 3701 159 3761 uto
175 3706 310 3784 indicato,
337 3706 451 3783 eiusque
468 3706 605 3786 interpres
624 3708 749 3786 Scaliger
766 3708 803 3767 de
821 3710 931 3770 emend.
950 3721 1036 3792 temp.
1053 3735 1086 3794 p.

113 3785 315 3860 loomuarunr.
352 3799 552 3878 Goettlingium
568 3802 597 3862 iu
616 3801 686 3860 libro
704 3817 795 3879 nuper
808 3800 882 3862 edito
901 3825 933 3884 p.
947 3811 1002 3866 183
1015 3809 1088 3889 fugit

123 3880 188 3950 iamt
199 3894 236 3953 de
251 3894 354 3973 duplici
365 3895 475 3966 ratione
488 3896 614 3974 cogitari,
633 3894 683 3955 sed
696 3902 794 3956 neutra
813 3895 944 3974 efficitur,
963 3909 994 3959 ut
1011 3920 1087 3962 anno

103 3966 164 4042 illl
177 3987 267 4046 littera
285 3987 442 4048 nundinalis
459 3988 488 4048 iu
506 3988 649 4053 Kalendae
674 3989 817 4050 lanuarias
842 3990 970 4052 incidisse
988 3995 1088 4056 uidea-
1153 4063 1155 4070 ,

103 4073 155 4142 ’llll
169 4085 258 4150 nmen
280 4080 446 4161 interpretes
463 4081 560 4150 Diouis
579 4084 617 4144 ab
634 4082 683 4142 illo
701 4081 773 4142 usai
792 4083 1016 4146 exisdmwenmt
1034 4088 1086 4162 60,

111 4169 202 4234 ittlicit
213 4172 350 4236 nundinas
368 4169 457 4256 ieonis
476 4193 567 4242 τινων
586 4167 674 4238 ἕνεκα
694 4176 722 4236 in
741 4176 826 4236 sium
837 4176 913 4240 diem
924 4181 1086 4240 ,marsiam
