2678 4668
148 261 268 315 Glaxxll'
614 253 658 304 1116
678 253 788 310 6301113

148 429 234 492 snpra
251 425 383 491 pcxrv.
408 386 466 466 ’116
482 403 669 466 lctnrnalibus
695 405 872 468 breuissimua
895 413 938 468 est
955 414 1040 487 poeta
1061 412 1091 483 1,
1103 407 1177 467 raas
1197 425 1247 468 oe·

136 503 258 566 >lebnam
281 503 316 560 ab
341 501 373 558 iis
400 498 466 558 dicit
482 499 597 559 Seruius
622 499 685 559 luca
704 516 790 579 supra
807 518 838 577 p.
850 516 941 558 cxxv
959 499 1097 575 indicato,
1125 504 1174 578 qui
1192 520 1248 562 or·-
1302 498 1305 509 '

149 597 263 673 apuam
286 611 363 671 aquo
386 598 527 668 66666661,
553 601 622 671 puta
647 583 760 670 coquis,
785 593 951 669 pistoribus,
971 605 1041 656 caat.
1079 594 1248 656 Clausenius

126 677 128 684 ’
149 710 179 772 p.
189 692 246 750 709
265 686 345 762 nimis
364 683 446 745 docte
464 685 594 762 aquilices
614 686 749 763 intelligit.
787 685 953 744 Carmentae
972 686 1142 744 sacrificandi
1161 687 1248 745 ritum

149 784 235 845 tradit
258 788 288 856 1,
307 779 487 853 627-634,
517 777 593 837 unde
616 776 743 836 6116616666
770 788 918 856 utrumqne
942 780 1018 840 illum
1043 780 1116 839 diem
1139 779 1248 838 fastum

78 931 81 948 ,
148 878 318 940 celebratum
342 872 426 930 fuisse
445 889 463 930 a
481 872 706 950 praegnantibus.
745 872 789 931 Da
808 873 916 932 alterno
934 873 981 932 illo
1000 873 1110 932 nomine
1129 891 1158 932 n.
1174 875 1250 949 633,

148 972 187 1032 ita
205 969 277 1027 enim
296 965 375 1024 uelut
392 966 420 1024 in
437 964 503 1029 lano
519 967 619 1040 1,129
638 965 828 1044 accipiendum
847 972 890 1024 est
907 973 936 1024 at
953 985 1043 1045 prope
1062 977 1208 1046 acceptum
1229 986 1250 1026 a

129 1061 291 1122 vlllacrubio
309 1069 362 1118 sat.
380 1064 410 1133 1,
421 1061 452 1133 7,
466 1072 496 1136 p.
509 1057 574 1129 151,
594 1067 652 1117 tum
672 1059 708 1118 de
727 1059 801 1118 omni
819 1059 889 1117 deae
908 1059 1049 1137 prouincia
1067 1045 1249 1137 6661116661-

33 1167 37 1172 “
148 1166 236 1216 cetur.
279 1152 362 1212 Nunc
386 1151 562 1211 manifestum
588 1163 630 1212 cst
654 1171 754 1231 pucros
775 1155 947 1229 uispiossqua
963 1170 994 1209 6.
1008 1155 1066 1211 628
1091 1153 1158 1211 nibil
1185 1172 1250 1214 esse

148 1249 235 1326 alind,
254 1264 338 1325 quam
356 1252 456 1324 param
476 1263 503 1302 6.
515 1248 582 1304 623.
621 1246 692 1304 Cum
706 1242 824 1305 Ouidius
843 1264 928 1325 snpra
948 1245 1013 1303 nihil
1032 1246 1084 1304 nisi
1100 1245 1250 1305 fatidicum

148 1343 219 1402 deae
237 1358 339 1399 numen
359 1355 419 1396 esse
437 1337 673 1422 pronunciantem,
693 1338 737 1397 hic
752 1340 810 1398 eius
823 1340 959 1400 sententia
972 1329 1061 1398 uideri
1080 1342 1164 1419 possit
1175 1359 1249 1419 prn-

95 1433 119 1466 “·
149 1445 214 1518 pter
237 1439 368 1512 capena
391 1431 490 1491 amissa
514 1440 544 1490 et
568 1442 731 1510 recuperata
757 1432 827 1492 deae
852 1433 1000 1512 supplicari
1020 1441 1146 1511 coeptum
1165 1451 1242 1509 essa,
1326 1464 1327 1494 t

149 1547 222 1610 quae
238 1529 325 1588 simile
343 1544 444 1586 nomen
463 1524 589 1600 baberet,
608 1535 674 1584 unta
694 1545 767 1604 quae
785 1527 812 1586 ei
831 1527 930 1587 fierent
948 1542 1003 1587 non
1023 1545 1084 1586 essa
1100 1526 1174 1586 16616
1192 1545 1248 1586 an-
1327 1532 1329 1620 l

148 1633 261 1704 tequam
279 1631 423 1682 66666666
447 1619 559 1678 abortus
582 1620 750 1686 uoluntarios
768 1620 916 1697 fecissent3
943 1620 1019 1699 quod
1037 1620 1182 1680 ridiculum
1200 1620 1251 1682 lo-
1329 1669 1330 1678 ,

150 1725 210 1792 ret3
234 1732 326 1794 neque
352 1714 424 1774 anim
450 1723 567 1792 propter
585 1732 703 1790 nomen,
729 1713 778 1774 sed
805 1725 922 1792 propter
946 1733 1027 1772 usum
1051 1723 1186 1794 carpenta
1210 1715 1252 1774 ad

151 1809 329 1874 Carmentem
354 1807 512 1886 pertinent,
539 1805 596 1865 uid.
616 1807 693 1865 Fest.
711 1827 743 1886 p.
753 1809 821 1884 154,
835 1809 962 1868 13-19
981 1807 1056 1866 dext.
1094 1805 1138 1864 De
1163 1808 1254 1866 moris

21 1934 22 1943 ¹
133 1903 235 1982 'ipsius
252 1901 329 1960 initio
347 1898 405 1960 nid.
419 1899 496 1958 Fest.
510 1919 540 1978 p.
554 1898 623 1977 ato,
636 1905 654 1959 3
669 1902 734 1978 sin,
754 1919 771 1960 a
790 1920 846 1981 quo
864 1900 980 1961 discedit
997 1901 1055 1962 06.
1068 1900 1133 1960 fast.
1148 1902 1180 1976 6,
1191 1904 1251 1960 603

149 2004 180 2056 et
197 2012 216 2054 a
233 2013 265 2055 se
281 1995 343 2075 ipso
361 1993 492 2068 Verrius,
516 1994 539 2052 si
557 1995 641 2072 moris
657 2004 721 2074 post
739 1995 965 2056 intermissionem
984 1993 1090 2054 reducti
1116 2001 1145 2051 et
1169 1995 1254 2053 insti-

150 2089 204 2153 tuti
221 2090 295 2148 sacri
313 2089 385 2148 idem
404 2097 514 2166 tempus
533 2088 705 2167 consiguauit
723 2090 751 2148 in
770 2087 848 2148 saat'u
867 2088 1064 2163 Praenestinis,
1081 2085 1157 2164 qnod
1176 2085 1255 2146 Oui·

150 2182 214 2242 dius
230 2183 363 2242 traditum
381 2183 505 2260 accepit,
529 2181 614 2261 idque
638 2184 697 2243 eius
723 2185 840 2259 lemma,
866 2181 942 2261 quod
959 2181 1086 2258 Fogginii
1111 2179 1191 2257 culpa
1216 2189 1253 2240 et

151 2286 248 2336 nnana
265 2296 349 2357 supra
369 2296 398 2356 p.
409 2294 491 2336 uxxr
510 2277 599 2335 minus
618 2277 794 2337 emendatum
819 2275 1028 2354 descripsimus,
1054 2291 1118 2331 cum
1141 2274 1169 2330 in
1192 2273 1250 2331 ad·

151 2357 249 2428 dandis
267 2370 394 2428 secundis
413 2370 557 2430 uoluminis
575 2371 739 2451 Fogginiani
761 2373 801 2430 ita
819 2367 966 2428 reddatur:
994 2365 1254 2427 alcmtaant-

153 2462 482 2526 ctTvR.1NST1T...
502 2465 752 2544 ......st.a11).,
771 2475 855 2540 caat„
874 2465 898 2522 si
912 2462 941 2522 id
957 2463 1067 2537 lemma,
1086 2461 1211 2540 inquam,
1232 2480 1254 2521 a

153 2555 302 2615 Clanscnio
314 2575 344 2635 p.
355 2559 413 2616 884
430 2566 506 2617 recte
520 2558 667 2637 suppletur
679 2559 713 2618 b.
724 2560 845 2618 Seruilio
858 2558 995 2617 dictatore
1008 2547 1073 2614 anni
1085 2555 1123 2614 V.
1131 2555 1166 2615 C.
1175 2560 1253 2632 3223

152 2649 297 2708 Aemilium
317 2649 486 2708 Mamercum
505 2652 646 2716 6661333
665 2652 826 2711 dictatorem
845 2652 993 2729 Fogginius
1012 2649 1139 2707 uolabatr
1163 2649 1253 2710 nihilo

153 2742 332 2802 commodius.
371 2742 457 2812 Quod
470 2743 632 2804 Clausenius
648 2755 730 2824 putat
744 2745 910 2808 Carmentae
927 2753 995 2804 uota
1013 2743 1087 2801 lacta
1104 2760 1167 2802 esse
1185 2744 1256 2821 qrria

152 2837 293 2896 cuniculus
312 2837 370 2911 ille,
388 2855 446 2914 qna
460 2838 524 2896 urbs
540 2847 623 2916 capta
640 2841 688 2915 ait,
707 2839 785 2918 quasi
800 2857 852 2918 pro
868 2848 959 2913 utero,
978 2835 1053 2895 unde
1069 2837 1169 2896 milites
1183 2835 1256 2896 ede·

152 2939 267 3007 rentur,
291 2929 400 2989 babitus
418 2930 469 3001 sit,
494 2931 670 2992 inuenustum
690 2932 774 3006 credo
793 2942 996 3008 commentum,
1016 2929 1108 2990 malim
1128 2930 1256 3008 cogitare

128 3013 132 3022 ’
153 3023 191 3087 de
210 3027 331 3088 carmine
348 3023 406 3094 illo,
424 3042 480 3101 quo
500 3043 535 3090 ex
552 3027 665 3086 urbibus
683 3026 803 3086 hostium
821 3026 868 3085 dai
887 3024 1075 3086 enecabantur
1093 3029 1164 3086 teste
1182 3022 1256 3082 Sen-

153 3118 200 3178 616
216 3119 252 3178 ad
264 3121 335 3178 Aen.
347 3122 379 3195 2,
390 3120 459 3177 244.
496 3118 555 3178 Sed
576 3119 651 3198 quod
670 3121 826 3199 proximum
845 3128 970 3194 anneta,
989 3115 1063 3198 apud
1076 3117 1186 3176 Liuium
1198 3119 1255 3192 27,

153 3214 193 3269 37
210 3229 342 3290 pompam
361 3221 479 3290 propter
495 3213 630 3278 infantem
645 3213 832 3292 prodigiosum
844 3222 939 3274 natum
953 3231 1010 3274 non
1029 3227 1096 3272 casn
1113 3227 1167 3288 per
1180 3209 1257 3268 ear»

153 3305 301 3366 mentalem
319 3316 430 3384 portam
448 3306 529 3384 duci,
555 3307 710 3366 acuduime
728 3316 771 3365 est
789 3308 976 3366 obseruatum.
1000 3305 1098 3374 Ι(1666
1115 3321 1166 3362 66.
1181 3306 1257 3378 629,

21 3455 23 3465 ,
153 3399 212 3456 630
231 3406 388 3475 monentur,
406 3402 478 3460 sacri
497 3401 555 3460 eius
574 3409 737 3478 argumento
756 3401 860 3479 optime
878 3400 1063 3473 conueniunt,
1081 3415 1255 3476 quamquam

152 3490 182 3549 in
201 3490 306 3572 aliquot
325 3502 470 3568 praeterea
487 3495 572 3553 sacris
591 3513 625 3554 ao
643 3494 749 3555 sacellis
767 3492 842 3554 idem
861 3494 1038 3556 6666666166
1056 3489 1141 3554 tradit
1159 3491 1256 3551 Varro

153 3580 303 3658 (161.1.7,
318 3584 367 3658 at,
385 3585 437 3644 csr.
450 3586 526 3646 Fert.
540 3604 569 3664 p.
581 3590 647 3662 161,
662 3591 680 3646 3
693 3588 746 3648 sin.
785 3587 870 3662 Quod
888 3588 925 3650 ad
944 3589 1031 3650 uerba
1049 3583 1191 3645 Ouidiana
1207 3595 1257 3645 at·

152 3675 233 3751 tinet,
251 3694 315 3736 cnm
335 3696 364 3736 6.
379 3680 438 3736 622
456 3681 628 3756 comparabis
647 3683 717 3760 Aug.
737 3680 774 3740 da
793 3699 819 3744 6.
838 3681 959 3757 (1.7,66
982 3677 1086 3744 elidos
1104 3671 1149 3738 bis
1165 3680 1258 3742 oliam

14 3755 24 3820 ''-
152 3786 279 3850 ptaaam
296 3788 368 3850 orsos
385 3771 424 3829 ud
441 3770 647 3854 subdibtatdus
663 3774 786 3836 1666666
803 3778 951 3853 pertusata
970 3794 998 3833 u.
1012 3775 1070 3832 636
1090 3790 1174 3852 aegre
1192 3772 1259 3835 ior·

154 3870 229 3924 tasse
246 3863 320 3924 seres
340 3863 471 3926 blandam
487 3867 650 3945 scriptoram
669 3887 688 3927 a
705 3888 750 3926 me
766 3871 982 3946 exterminatam,
1001 3886 1054 3928 nce
1072 3875 1167 3926 tamen
1181 3884 1259 3945 poe·

153 3955 356 4018 nitet'lactum.
389 3958 465 4020 Num
483 3959 577 4018 ldibus
595 3961 654 4021 lau.
669 3964 769 4038 1,687
788 3981 891 4022 uerucx
910 3982 963 4043 pro
982 3980 1048 4037 oue,
1067 3961 1112 4019 uti
1126 3957 1258 4019 dicebam

153 4066 185 4128 p.
198 4069 288 4129 extr,
307 4054 422 4114 macari
440 4055 615 4114 consueuerit
635 4063 751 4134 propter
768 4055 852 4116 ferias
872 4047 1051 4135 augustales,
1077 4051 1136 4112 uid.
1152 4068 1258 4129 pax,

153 4144 256 4208 666616.
293 4143 339 4229 Dc
356 4163 436 4210 sano
457 4147 630 4213 cononum
649 4151 750 4228 1,637
768 4149 836 4214 nibil
854 4149 920 4214 mili
938 4149 1068 4214 16666ιί6.
1103 4143 1258 4210 11666οά-
