2636 4678
459 271 667 342 amarantus·
1006 283 1114 332 xxxrx

47 427 137 490 leidae
152 427 344 491 remutare
361 427 487 492 domnos
511 385 656 498 iarebaate
674 430 779 510 reliqua
797 383 875 490 aubis
898 432 1044 504 innemum,
1060 431 1111 492 do·
1211 387 1214 404 Δ

43 533 80 580 cet
93 540 147 582 earn
165 539 223 582 reru
238 530 345 598 gestem
363 541 425 582 esse
443 542 517 587 arsno
537 523 577 586 V.
596 526 631 586 C.
653 526 710 589 762
728 524 867 599 seriesque
887 541 922 592 es
940 524 972 580 S.
992 525 1027 582 C.
1045 544 1112 586 con·
1200 579 1208 587 .

44 623 120 694 ceptus
135 633 210 691 erse,
234 631 327 692 neque
345 623 439 676 tamen
457 615 527 692 ΝΡ,
553 617 602 688 sed
621 617 650 678 N
667 618 758 696 signat
780 615 853 676 diem
876 615 976 692 ipsum.
1015 619 1112 687 Quare

45 707 111 768 uelde
123 707 197 769 enimi
216 701 330 782 Mareu,
349 717 439 768 ubam
453 717 550 770 notam
565 709 697 772 excidisse
708 709 797 768 dicam
811 706 948 785 inlepide
960 708 1111 773 biaffeano.

43 800 126 862 Dixerit
141 800 245 879 aliquis,
264 808 341 862 certe
357 800 402 860 Ns
422 821 487 860 nam
504 801 624 865 frustum
642 801 709 864 illud
723 800 933 861 Praenestinum
951 819 1010 858 esse
1029 820 1111 879 argu.-

42 903 128 970 nnn,
149 894 213 954 sur
237 891 325 952 ier'm
348 893 468 954 minores
494 895 522 952 in
547 895 678 954 emaum
702 893 809 954 dierum
827 892 996 954 nefastorum
1015 892 1112 952 ordine
1194 928 1196 942 ·

43 985 120 1046 eodem
136 983 309 1062 incoluisse,
328 995 415 1064 atque
433 986 550 1052 maiores
570 986 647 1058 binas
664 1005 759 1046 mense
776 986 864 1046 lunio.
903 985 1009 1056 Verum
1026 1003 1110 1064 qnae·

42 1077 134 1138 reudmn
150 1090 190 1138 est
209 1087 313 1154 antea,
337 1097 404 1140 nun
429 1079 503 1140 torte
522 1079 613 1138 Verrii
636 1080 803 1140 mnescenris
827 1088 920 1138 aetate
943 1077 1030 1138 feriae
1047 1078 1111 1138 illae

42 1179 132 1248 propter
146 1189 220 1245 reor,
249 1188 307 1248 que
329 1171 450 1250 seipmrn
476 1170 617 1249 indignum
636 1171 767 1232 indicauit
785 1172 934 1248 Tiberius,
958 1175 1110 1250 conceptae

43 1259 269 1322 indesuetndinem
289 1263 417 1340 abierint,
436 1261 582 1344 etecquid
600 1265 749 1324 interdico
768 1265 909 1342 religiosus
921 1264 1021 1324 mensis
1039 1265 1110 1322 lunii

42 1353 199 1414 etFebruarii
217 1365 313 1416 tamen
332 1356 369 1416 sit
387 1355 557 1418 discriminis.
596 1356 694 1418 Mensa
708 1359 791 1440 ¹enirn
809 1355 887 1416 lunio
913 1366 983 1436 qnos
1006 1357 1027 1416 ii
1050 1356 1110 1416 dies

41 1446 88 1518 abt,
102 1448 206 1506 scimus:
224 1448 382 1508 Februario
395 1469 539 1530 quousque
552 1451 718 1528 pertineant,
732 1451 823 1512 adbuc
836 1452 1003 1528 ignoramus.
1028 1449 1109 1508 Men·

41 1555 83 1596 sau
96 1539 267 1600 Februarium
286 1543 323 1600 ab
348 1543 380 1604 iis
398 1543 496 1604 diebus
513 1544 647 1607 februaris
671 1543 691 1602 i.
709 1561 736 1604 e.
758 1544 923 1622 purgatoriis
942 1553 970 1604 et
990 1542 1048 1602 deis
1066 1543 1108 1603 in·

42 1629 90 1688 letis
103 1635 203 1692 moratis
222 1653 324 1694 nomen
344 1637 458 1696 traxisse
485 1657 541 1698 non
567 1647 626 1708 est,
653 1635 730 1715 quod
749 1636 880 1714 Varronis
899 1639 929 1712 b,
947 1637 996 1707 34,
1021 1635 1107 1695 baur.

42 1719 95 1798 lydi
108 1743 131 1803 p.
144 1730 197 1785 170
216 1728 290 1804 aa„
316 1728 426 1790 leontii
444 1749 475 1809 p.
487 1735 555 1807 177,
576 1731 622 1805 uel
640 1731 755 1789 aliorum
777 1728 867 1786 uerbis
887 1728 1012 1788 doceam.
1049 1728 1107 1786 lam

42 1834 91 1874 uno
110 1819 241 1880 llacrnbio
270 1821 335 1883 Sat.
353 1828 381 1892 t,
402 1825 439 1882 14
466 1833 536 1884 teste
563 1824 667 1896 Caesar
691 1823 809 1889 dictator
835 1822 923 1881 noluit
947 1823 999 1881 snb
1023 1821 1107 1882 finem

40 1906 164 1988 Februarii,
186 1915 260 1979 sicut
282 1914 310 1974 in
329 1915 388 1974 aliis
406 1916 544 1977 mensibus
562 1915 646 1992 iecit,
673 1901 733 1974 dies
751 1931 913 1994 apponere,
936 1933 972 1976 ne
991 1914 1106 1976 deorum

40 1999 155 2062 inferorum
172 2005 273 2086 religio
289 2015 455 2085 mutaretur,
474 2008 529 2092 boe
547 2019 601 2086 est,
619 2026 656 2070 ne
674 2009 734 2068 aliis
751 2009 873 2068 numeris
890 2007 950 2067 dies
964 2016 1029 2086 post
1042 2006 1106 2066 ldus

39 2093 206 2172 bignienrm.
245 2099 329 2160 Vltra
348 2099 412 2162 ldus
436 2102 520 2182 igitur
543 2103 663 2163 februari
689 2101 749 2163 dies
774 2099 1008 2180 producebantur.
1046 2098 1105 2158 Ln-

39 2189 129 2264 permlin
152 2191 315 2259 februatum
340 2195 413 2254 diem
438 2195 567 2264 dixerunt
590 2198 680 2256 Varro
700 2194 736 2262 de
760 2195 781 2252 l.
801 2193 821 2266 l.
840 2195 871 2269 6,
889 2195 929 2252 34
954 2201 985 2252 et
1002 2191 1106 2251 Paulus

38 2277 142 2346 uranu
158 2305 186 2366 p.
196 2289 237 2352 aa
250 2287 348 2348 bineli.
375 2290 547 2351 'terminalia
564 2289 636 2350 adeo
650 2287 816 2366 Augustinus
834 2284 871 2346 dc
889 2285 942 2347 cin.
962 2283 1007 2344 dei
1026 2287 1055 2354 7,
1067 2286 1103 2346 72
1136 2339 1137 2342 ,

38 2390 116 2438 mrum
131 2385 330 2458 purpotorium,
349 2382 420 2460 quod
441 2390 542 2442 anunm
559 2381 705 2456 Febmrum,
723 2378 796 2442 unda
812 2380 915 2438 messia
934 2395 1033 2442 nemea
1050 2395 1101 2436 oo·

39 2471 93 2540 tall,
107 2470 174 2532 dixit.
206 2474 352 2532 Mittamus
372 2477 445 2536 bunc
463 2487 642 2555 postremum,
660 2473 725 2532 Idus
744 2482 819 2532 certe
837 2480 953 2552 propter
968 2469 1101 2548 templum

39 2555 109 2620 laum
123 2577 257 2627 sacratum
277 2585 305 2626 a.
326 2569 361 2628 V.
380 2571 440 2628 560
457 2569 541 2630 ferias
565 2567 707 2640 babuisse,
734 2565 900 2644 Lupercalia
922 2563 997 2623 feriis
1016 2563 1101 2624 maxi·

38 2649 74 2706 ¹25¹
86 2653 223 2720 interfuisse
251 2671 370 2722 constat.
409 2663 466 2732 Qui
492 2662 550 2720 dier
569 2679 632 2720 cnm
650 2659 702 2718 NP
721 2661 879 2738 signentur,
906 2655 1000 2736 quidni
1018 2656 1100 2714 etiam

38 2737 126 2804 Nonas?
150 2751 206 2812 ista
226 2771 296 2814 uero
315 2757 440 2833 quaestio
458 2755 496 2816 de
514 2754 610 2814 diebus
634 2752 766 2828 nefastis,
791 2750 948 2830 uelpotius
966 2747 1101 2810 februaris
1125 2745 1133 2780 “·

38 2831 1178 2930 mmmmmmmmm·

36 2924 78 2986 lom
91 2937 115 3008 2,
130 2937 306 3017 saa-⁵70,
324 2960 392 3000 sane
411 2941 525 3014 difficili,
543 2939 579 3000 de
597 2957 653 3016 quo
672 2938 696 2996 si
714 2937 821 2996 inutiles
841 2938 956 3002 aliorum
975 2941 1093 2990 conatus
1121 2971 1125 2980 .

37 3023 116 3084 Quiete
137 3033 232 3110 cupis,
257 3033 303 3092 adi
329 3034 508 3094 Vaasseninm
533 3052 563 3110 p.
579 3032 755 3090 277-282.
804 3025 922 3087 Ouidius
947 3033 1013 3102 pest
1036 3023 1097 3100 ipsa

38 3111 156 3180 Quirinalia
173 3140 254 3186 sacra
272 3127 409 3206 quaedam
433 3125 475 3184 dis
494 3125 622 3182 Manibus
647 3120 774 3200 iacienda
794 3125 989 3178 commemorat
1007 3130 1097 3190 eaque

38 3204 111 3284 aliqum
127 3232 274 3296 occupasse
291 3220 352 3280 dies
369 3219 539 3280 subindicat:
557 3213 714 3294 pareotoles
732 3213 806 3270 enim
824 3211 882 3269 dise
901 3207 966 3266 dicit
987 3225 1013 3265 n.
1027 3205 1095 3264 548.

38 3296 140 3378 lbip‘rur
155 3309 252 3370 diebus
280 3328 364 3392 negat
384 3313 493 3390 nuptias
512 3322 587 3368 recte
600 3307 681 3385 ¹fieri:
706 3307 745 3364 ita
772 3303 844 3361 enim
866 3300 953 3379 uulgo
979 3300 1094 3378 legitur:

38 3393 90 3454 Μ
103 3405 186 3460 imam
204 3404 270 3464 bueo
287 3403 369 3482 fiuent,
389 3427 416 3464 n.
428 3407 496 3464 557.
531 3401 630 3460 lisdem
648 3397 745 3456 diebus
763 3395 866 3474 templa
884 3391 990 3451 occludi
1008 3391 1094 3462 addit,

35 3485 69 3543 red
87 3509 183 3554 omnem
209 3518 271 3558 eam
296 3500 455 3578 religionem
481 3515 537 3555 non
563 3509 624 3552 esse
650 3487 851 3550 extendendam
876 3487 948 3545 ultra
966 3484 1030 3543 Xlll
1049 3485 1094 3544 uel

35 3576 70 3636 lll
82 3583 136 3644 Kal.
152 3589 235 3649 biart.
272 3591 384 3652 Scilicet
408 3592 474 3652 lmen
492 3607 520 3646 u.
535 3587 593 3644 56⁷
611 3601 667 3641 non
690 3592 784 3662 potest
802 3601 857 3641 non
883 3577 919 3638 ad
947 3589 1093 3656 utrumque

35 3669 97 3750 llud,
111 3681 180 3758 quod
197 3684 307 3762 publice
327 3695 355 3743 et
374 3684 501 3764 priuatim
520 3680 569 3752 fit,
588 3675 701 3751 referri,
718 3678 742 3735 si
760 3675 902 3753 superiora
921 3673 959 3735 ita
978 3672 1091 3749 capiun-

35 3771 75 3840 tur,
89 3773 121 3830 uti
136 3779 223 3852 posui.
255 3778 348 3840 Verba
366 3789 459 3842 antem
478 3781 519 3832 tot
537 3769 654 3848 luciferi,
673 3777 738 3848 quot
757 3770 880 3828 sororina
897 3772 995 3823 nostro
1011 3763 1092 3841 pedes

35 3853 106 3922 lm
127 3877 198 3928 certe
223 3869 375 3948 significare
399 3851 528 3926 uidentur
553 3865 670 3926 alterum
695 3871 787 3918 utrum
812 3877 955 3918 numerum
977 3858 1091 3935 pedum,
1147 3858 1151 3864 '

35 3963 68 4008 tut
82 3953 191 4036 distirbi,
213 3972 261 4020 aut
278 3961 461 4042 pentametri:
488 3959 525 4018 de
551 3959 658 4019 senario
684 3971 798 4014 numero
824 3971 881 4012 nnn
907 3961 950 4012 est
968 3951 1091 4030 cogitan-

35 4039 91 4106 bn.
113 4050 232 4134 Pergisne
251 4075 281 4120 u.
293 4055 351 4116 669
368 4072 432 4112 eum
451 4051 523 4114 dem
541 4051 605 4110 Xlll
621 4049 667 4110 nel
681 4046 732 4108 vu
746 4045 794 4104 ΚΡ
813 4043 867 4102 dici
884 4044 1003 4109 Feralia.
1033 4043 1090 4102 Ve-

36 4151 79 4198 mn
94 4145 164 4204 nulls
182 4149 208 4208 in
226 4147 303 4208 fastis
322 4147 411 4207 altero
438 4155 499 4205 utro
525 4145 587 4204 loco
608 4160 643 4204 ea
661 4139 791 4220 reperies.
827 4137 932 4215 Mensis
948 4133 1089 4194 Februarii
