2688 4680
229 325 332 380 ccxiv
707 321 761 372 nu·
773 321 848 373 nuta

229 475 469 553 consecrarentur,
487 471 525 536 de
542 475 642 554 quibus
659 491 735 554 quae
752 475 828 534 dicta
849 482 915 535 sunt
932 489 1237 554 penmanent
1255 494 1314 536 con·

229 571 305 634 serre
323 573 429 652 poteris
447 589 509 630 cum
529 571 720 630 Clauseniauis
740 587 770 649 p.
783 570 967 645 1092,1093,
985 565 1260 654 iacile'intelligiturr
1275 571 1314 630 'cui
1333 585 1334 592 ¹

229 666 414 727 coniunctioni
438 665 592 724 inserui'unt
614 662 738 724 fortassis
760 666 894 742 sagittae,
915 661 960 720 uel
979 662 1140 738 uenabula,
1164 681 1238 740 quae
1253 664 1334 722 indi-1

228 759 383 822 arurae
403 757 506 820 Ouidio
518 778 546 818 u.
558 761 627 833 438,
645 757 697 822 cir.
717 767 853 816 annotata
871 755 907 815 ad
925 755 985 814 Ibin
1001 758 1091 832 uss,
1111 775 1314 816 commemoratr—
1333 823 1334 838 .

228 859 277 914 tur
294 873 313 913 a
332 841 446 927 Gellio,
471 860 569 910 extant
592 853 621 909 in
647 851 747 910 numis.
786 848 896 910 Deinde
924 849 1070 914 accessisse
1096 849 1208 910 uidetur
1230 851 1334 928 fabrda1

228 941 394 1026 graecanica
412 945 449 1006 de
467 946 535 1005 loue
551 943 677 1020 infante,
696 965 725 1004 u.
740 947 796 1003 443
809 963 862 1022 sq„
889 943 966 1002 cuius
989 944 1109 1020 primum
1128 961 1165 1002 ex
1186 945 1315 1004 Ciceronis
1333 981 1334 988 .

219 1039 332 1116 tueare,
350 1039 374 1100 si
392 1038 558 1100 Vaillantius
577 1049 653 1100 recte
671 1037 821 1115 iudicauit,¹
841 1047 970 1116 superest
988 1039 1176 1097 testimonium
1196 1040 1223 1098 in
1243 1059 1315 1098 numo

226 1127 424 1209 Formiarum,
447 1153 524 1192 num.
544 1133 611 1192 fam.
629 1134 765 1214 Romam.
781 1139 810 1209 l,
829 1151 860 1212 p.
870 1133 942 1190 dio:
973 1129 1024 1188 uisi
1042 1127 1117 1190 fur'te
1135 1149 1241 1210 caprae
1257 1132 1316 1191 illud

226 1225 423 1302 simulacrum,
449 1226 525 1306 quod
551 1246 638 1306 supra
655 1227 702 1287 lib.
720 1227 770 1304 vt,
790 1225 828 1284 fr.
846 1225 1038 1284 nilamonem
1064 1227 1176 1286 nouisse
1200 1226 1316 1301 uidimus,

226 1319 342 1379 fabulae
360 1321 471 1379 iamiam
488 1319 541 1380 fuit
559 1329 764 1398 argumentum.
801 1319 946 1378 Postremo
969 1313 1137 1398 extiterunt,
1158 1321 1207 1398 qui
1225 1320 1317 1398 Apolli·

127 1431 133 1450 ³
225 1409 291 1472 nem
312 1413 387 1472 hunc
405 1411 489 1472 deum
505 1431 565 1473 esse
582 1413 727 1490 docerent,
747 1412 917 1492 grammatici
936 1411 996 1470 sine
1013 1405 1107 1483 dubio,
1126 1421 1247 1472 testante
1258 1415 1317 1471 Gel-

216 1505 273 1576 lio.
312 1505 477 1565 Clausenius
496 1525 574 1566 more
592 1527 643 1566 suo
661 1509 717 1566 iam
736 1507 844 1586 pridem
865 1523 892 1564 a.
910 1505 947 1564 V.
962 1506 997 1564 C.
1012 1505 1207 1586 560⁴propter
1224 1525 1318 1583 cogna-

224 1599 330 1658 tionem
345 1620 407 1658 cum
423 1601 587 1681 Aesculapio
607 1603 635 1660 in
656 1603 745 1660 insula
758 1601 893 1659 Tiberina
905 1608 1096 1658 consecratum
1113 1608 1197 1677 putat
1214 1619 1243 1678 p.
1254 1605 1317 1658 1091

226 1701 256 1753 et
273 1694 465 1753 uetustissimis
479 1697 584 1756 Latinis
603 1697 633 1756 in
651 1695 783 1754 fetiaruin
800 1693 965 1752 Latinarum
985 1694 1139 1751 cerimoniis
1158 1695 1319 1752 instituendis

224 1789 321 1862 notam
339 1787 425 1845 fuisse
445 1807 574 1866 graecam
592 1787 717 1847 fabulam
737 1789 846 1869 scripsit
863 1807 893 1866 p.
905 1791 977 1844 8012
1000 1789 1112 1850 Veiottis
1130 1789 1256 1846 lammelt
1272 1787 1320 1846 set

227 1879 354 1954 nuf'der
379 1881 560 1958 spungeoden
581 1885 673 1959 Zicpe.
699 1877 778 1942 'Wre
797 1881 844 1941 der
866 1884 936 1941 Geli
959 1879 1005 1940 uls
1023 1880 1125 1940 mnata
1144 1883 1258 1959 sprung
1274 1878 1321 1939 und

226 1973 366 2050 Sclrnuop
384 1973 481 2051 pelisii
499 1975 559 2034 uad
576 1979 644 2034 ietzl
662 1974 768 2048 teila
787 1974 846 2033 siclt
865 1977 895 2032 in
914 1968 959 2032 dio
975 1973 1065 2046 Lista
1081 1973 1200 2032 minian
1218 1975 1281 2050 lut,
1296 1991 1321 2031 ru

163 2127 165 2138 1
226 2065 361 2145 semmel
382 2087 449 2128 mua
468 2071 498 2129 iu
525 2068 732 2146 ocrsgelussener
752 2061 935 2127 ilrdlrlioirleit
957 2067 1016 2126 set
1039 2065 1096 2140 uus
1110 2067 1268 2127 Seleukeia
1283 2067 1334 2126 tu*

128 2214 131 2224 ,
225 2149 284 2220 aad
302 2159 371 2234 iter,
397 2161 442 2222 olo
465 2179 545 2222 wenta
562 2163 630 2220 urea
648 2166 680 2222 iu
702 2165 802 2221 sanun
821 2161 923 2222 Reicies
940 2161 1013 2222 ausis
1029 2159 1087 2221 ilum
1104 2161 1213 2223 mota.
1251 2161 1323 2220 Talia

121 2481 123 2484 -
226 2449 286 2502 tum
311 2443 469 2502 discernere
495 2443 531 2501 ab
557 2443 732 2520 opinionibus
751 2453 781 2502 et
799 2441 918 2517 fabulis,
945 2442 1020 2519 quod
1039 2461 1127 2520 supra
1145 2463 1178 2523 p.
1198 2462 1334 2522 cumr„

208 2247 413 2334 ‘nonsemper
432 2274 523 2334 aequo
544 2259 636 2316 auimo
656 2258 710 2335 legi
729 2266 856 2335 possunt.

173 2337 176 2348 ¹
302 2351 334 2407 ln
352 2353 448 2407 'Anna
467 2349 634 2408 Perenna
657 2347 816 2422 definienda
835 2365 948 2406 necesse
968 2356 1011 2406 est
1030 2348 1201 2408 cerimonias
1222 2357 1250 2408 et
1269 2349 1323 2406 cul-

228 2552 369 2594 cnxxvn
387 2534 494 2612 factum
513 2544 556 2592 est
576 2537 703 2596 anobis.
738 2535 849 2595 Deinde
870 2553 938 2593 uero
958 2536 1150 2614 segregandae
1170 2549 1238 2597 sunt
1254 2537 1334 2596 iabus

226 2628 275 2688 lae
292 2622 445 2708 populares
464 2635 494 2686 et
511 2630 765 2706 grammaticorum.
805 2629 969 2689 Posterioris
990 2631 1097 2708 generis
1117 2649 1195 2708 quae
1214 2629 1334 2710 proten-T

227 2729 272 2780 ter
290 2721 411 2800 perspici
427 2731 555 2800 possunt,
577 2719 686 2779 fortiter
707 2732 773 2780 sunt
791 2722 971 2782 abiiciendac.
1001 2723 1139 2780 Neutrum
1159 2723 1208 2784 hio
1226 2741 1334 2805 quoque

227 2817 294 2875 satis
317 2815 477 2874 obseruauit
496 2814 672 2878 Clausenius.
695 2814 788 2874 ‘Nam
812 2819 877 2894 quia
902 2817 1027 2874 decreuit
1045 2817 1156 2874 Annam
1178 2817 1334 2902 Perennem}

227 2908 360 2969 mollioris
379 2925 471 2984 aquae
490 2927 592 2967 numen
611 2908 684 2984 csse,
704 2910 763 2968 eius
780 2913 928 2968 commenti
944 2909 1083 2991 praesidia
1095 2913 1182 2969 etiam
1198 2931 1234 2970 ex
1245 2909 1326 2972 Ouidii

228 3001 277 3063 uu.
290 3005 453 3062 657-660
473 3003 582 3080 petiuit.
610 3005 711 3062 Lause
727 3013 756 3063 et
774 3003 913 3063 linoroliis
931 3005 1194 3083 interpretationem
1215 3005 1253 3064 ad
1271 3005 1328 3064 naui

229 3091 396 3158 uocadulnm
411 3097 703 3176 spectare'lntellexitr
724 3097 839 3156 Tltemis
855 3098 928 3156 enim
943 3107 1033 3156 mater
1047 3107 1090 3157 est
1105 3099 1251 3159 Horarum
1263 3095 1329 3176 apud

119 3263 122 3272 Δ
229 3191 352 3251 Pausan.
366 3191 396 3267 5,
413 3193 464 3250 17:
483 3189 534 3250 sed
554 3201 604 3249 aut
623 3209 714 3270 aquae
732 3192 821 3251 mollis
841 3211 922 3250 usum
933 3200 997 3249 'toto
1011 3210 1097 3268 anno,
1118 3201 1169 3251 aut
1188 3195 1256 3251 anni
1273 3193 1334 3252 luel

231 3288 363 3364 temporis
381 3303 433 3363 per
452 3283 626 3362 clepsydram
644 3285 815 3344 mensionem
835 3287 873 3343 ait
891 3285 1016 3344 indicari.
1046 3285 1091 3344 De
1106 3290 1177 3345 lurra
1198 3263 1334 3348 coniectu-i

176 3375 179 3382 ’
233 3371 311 3454 ram,
337 3367 410 3456 quae
429 3391 495 3435 nata
517 3387 560 3436 est
582 3396 617 3435 ex
634 3377 747 3438 fabulae
770 3380 915 3458 popularis
936 3389 1101 3457 argumento
1120 3388 1150 3437 et
1171 3380 1251 3438 lsidis
1276 3395 1332 3436 cum

229 3465 315 3531 [uun
333 3474 561 3550 comparatione,
587 3473 688 3548 repetit
706 3473 781 3549 inda,
801 3473 875 3552 qnod
895 3473 953 3531 Nili
972 3491 1045 3550 aqua
1064 3474 1226 3532 mollissima
1242 3471 1323 3530 fuerit

146 3586 152 3592 ·
232 3557 278 3624 De
295 3565 417 3642 rumpite
431 3563 575 3624 Atlantide
592 3555 740 3644 postquam
759 3567 798 3624 ita
817 3568 898 3625 dixit:
920 3569 971 3625 Bel
985 3559 1071 3626 Aaou
1089 3571 1154 3626 tritt
1174 3567 1220 3626 die
1236 3455 1334 3720 aad&

232 3659 316 3719 sendo
327 3658 420 3731 Kroft
438 3658 486 3716 dos
502 3652 662 3720 Gewdssers
680 3660 856 3720 uoradmlicls
875 3665 905 3719 in
925 3660 973 3719 der
988 3663 1063 3736 Sapo
1080 3660 1193 3733 terror,
1214 3661 1283 3720 dass
1314 3659 1320 3672 '

235 3753 295 3812 dem
312 3757 420 3830 Iupiter
438 3753 481 3812 die
499 3759 570 3810 orsio
589 3753 685 3828 Speise
701 3753 924 3832 postulatiobus,
950 3763 1083 3833 punctum
1110 3757 1248 3834 temporis
1271 3772 1302 3811 su

235 3847 336 3906 eluisse
356 3845 474 3904 uidetur
486 3846 521 3903 de
542 3849 784 3923 grammaticorum
809 3849 942 3922 artificio,
965 3865 1057 3925 neque
1080 3856 1176 3906 tamen
1197 3857 1308 3908 essesut

192 3997 194 4000 .
233 3927 278 3998 est
295 3957 356 3999 rem
374 3940 482 4018 ipsam,
501 3941 573 3998 etsi
592 3951 732 3998 assecutus
752 3950 844 4018 esset,
871 3950 916 3999 sat
934 3941 1007 4014 scio,
1033 3931 1126 4000 dendo
1145 3943 1326 4020 peruertiaset

234 4020 434 4111 Disputauerat
453 4034 525 4092 enim
544 4031 642 4112 aliquis
657 4038 765 4092 Annam
785 4053 845 4094 esse
863 4033 1069 4112 intelligendam
1082 4037 1251 4097 Arcadicarn
1270 4031 1322 4092 lou'

234 4127 368 4184 nutricem
382 4115 490 4208 Ἁγνώ,
511 4125 594 4186 Paus.
610 4130 641 4200 8,
655 4131 704 4204 38,
724 4146 743 4186 a
762 4146 819 4208 qua
837 4129 900 4187 lons
919 4129 1048 4208 perennis
1067 4129 1096 4187 in
1111 4130 1228 4208 Lycaeo
1248 4133 1321 4186 mont

168 4251 187 4271 a
236 4218 324 4302 dictus
342 4219 404 4281 fuit.
444 4221 493 4279 llis
515 4214 600 4299 igitur
618 4239 731 4299 prorsus
754 4221 882 4301 sepositis
902 4241 936 4320 ac
955 4223 1057 4282 relictis
1080 4223 1199 4285 fabulae
1220 4219 1326 4304 popul&
