2688 4680
196 263 312 317 seem
405 321 410 334 ι
462 297 465 304 ,
648 263 829 320 ‚nunnus

210 417 262 496 st,
278 415 434 496 Dionysi,
443 421 471 488 1,
488 423 555 497 post
567 422 727 495 serpestrem
741 417 770 476 in
781 417 876 478 Sicilia
890 422 1137 484 commorationem
1155 435 1184 488 ot
1203 428 1315 490 insulae

210 512 486 588 circumnectionem,
504 510 588 579 Dion.
608 514 679 586 c.2,
702 509 871 571 frumentum
890 513 966 594 plebi
984 518 1117 578 esurienti
1136 526 1315 600 conquisiue-
1334 575 1338 590 .,

210 611 289 664 runt.
326 605 400 662 Hinc
417 613 478 681 551,
505 603 581 683 quod
600 621 618 662 a
635 603 712 682 pisis
729 612 808 662 Anna
827 608 945 684 colitur,
969 608 1027 670 On.
1048 616 1078 688 3,
1091 612 1161 673 525.
1201 615 1338 690 Nomen¹

210 697 328 774 mansit,
353 715 456 756 numen
474 705 610 757 mutatum
632 707 663 756 51
685 698 721 756 ad
741 707 868 758 annonae
885 701 1053 763 leuatiouem
1073 709 1315 768 accommodatum
1337 799 1338 808 ἵ

130 799 137 816 ·
210 797 266 865 551,
285 798 358 868 qu'ac
376 791 434 850 5155
453 791 524 850 (1555
543 790 665 869 55551515
683 789 759 848 15515
777 789 933 852 5155551555
958 797 1008 855 sed
1028 807 1120 858 15555
1141 801 1251 878 probra
1274 805 1315 861 illa
1337 881 1338 886 η

210 889 242 944 51
259 883 396 942 obscaena
414 903 450 943 ex
472 886 621 962 peregrino
646 885 720 942 cultu
746 886 1027 966 transmigrauerunt3
1054 910 1145 970 neque
1168 894 1315 953 miraberis

200 959 274 1034 'cunr
294 977 407 1036 Aeneae
424 976 521 1035 fabula
540 977 686 1057 Lanuuiua
704 979 811 1035 Annam
832 979 967 1052 coaluisse
985 985 1089 1060 denuo,
1109 1005 1171 1044 cum
1191 990 1314 1064 primum
1337 1028 1338 1042 .

210 1067 249 1129 (15
267 1069 382 1128 Veneris
408 1069 465 1129 filio
483 1070 560 1128 1555
577 1071 723 1129 increbuit.
761 1071 856 1148 Magni
874 1073 1019 1136 1515515551
1036 1079 1123 1154 55155,
1150 1098 1209 1157 quo
1228 1083 1316 1140 modo
1337 1171 1338 1174 Ἴ

202 1161 325 1222 ‚Melitae
339 1171 371 1221 51
383 1163 419 1222 ad
433 1163 593 1222 Crathidem
608 1183 729 1240 amnem,
750 1163 807 1224 05.
818 1170 847 1237 3,
859 1164 926 1238 567,
939 1169 1006 1241 581,
1025 1171 1099 1229 culta
1116 1171 1204 1232 155511
1218 1177 1315 1235 Anna:

211 1253 316 1314 cultam
333 1254 418 1314 fuisse
437 1272 494 1312 non
511 1253 619 1330 dubito,
635 1245 706 1335 'quin
728 1266 803 1316 recte
818 1259 980 1324 Clausenius
999 1263 1164 1324 diuinauerit
1182 1286 1214 1344 p.
1223 1271 1298 1328 720.

287 1347 333 1408 Dc
351 1349 579 1425 Proserpina,
605 1367 689 1426 ,quam
707 1351 856 1427 superioris
875 1353 937 1411 libri
954 1354 1023 1416 lr.7
1044 1356 1124 1415 deam
1145 1369 1253 1420 555155
1275 1365 1317 1422 in·
1337 1431 1338 1436 η

211 1437 468 1518 digitamentorum,
487 1439 562 1518 apud
582 1439 715 1500 Ouidium
735 1453 827 1501 autem
846 1446 874 1514 4,
886 1448 944 1504 417
958 1467 1000 1526 sq.
1021 1469 1194 1511 communem
1213 1453 1317 1533 haber,

212 1533 384 1594 commodius
403 1553 460 1594 una
478 1553 541 1593 cum
555 1536 659 1595 Cerere
677 1543 767 1594 matre
785 1547 893 1614 agetur.-
930 1539 975 1600 Da
993 1541 1139 1604 Laribus
1156 1545 1316 1607 Praesti·
1337 1563 1338 1574 ¹

204 1606 350 1699 111555,
371 1630 428 1685 129
446 1635 475 1686 51
492 1625 530 1686 (15
547 1627 748 1712 lemuribus
764 1648 794 1688 u.
809 1633 866 1688 483
886 1645 1020 1710 quantum
1037 1655 1109 1716 opus
1129 1640 1197 1713 crit,
1222 1646 1316 1720 paulo

179 1691 192 1714 '⁸
210 1713 339 1798 15155155,
355 1720 406 1778 511
420 1719 458 1779 (15
476 1720 552 1779 Lara
568 1721 629 1780 siue
648 1721 757 1796 1115515,
776 1739 866 1808 agam.

288 1811 321 1870 15
346 1813 467 1873 Matre
488 1813 657 1889 Matuta,
692 1816 924 1893 quemadmodum
953 1822 1061 1885 Romae
1092 1829 1197 1888 cultam
1226 1851 1319 1912 snpra

211 1923 244 1986 p.
258 1921 411 1964 ccxxxiv
430 1902 554 1981 55155111,
575 1907 622 1965 uix
640 1908 786 1985 quicquam
800 1911 866 1988 551,
895 1915 998 1992 quina
1017 1919 1133 1982 Graecis
1152 1923 1318 2001 proiectum

199 1997 362 2058 existimari
380 2000 479 2078 possit,
497 2010 611 2078 practer
628 2001 741 2080 quidem
759 2002 850 2082 ipsum
869 2025 981 2070 55555.
1021 2013 1083 2072 1155
1100 2013 1245 2077 difficilem
1267 2037 1320 2080 ex-

176 2069 179 2074 ’
211 2089 345 2172 plicatum
365 2091 467 2168 habeto
487 2093 563 2172 apud
576 2093 691 2153 Festum
706 2113 736 2172 p.
749 2095 815 2171 158,
829 2102 869 2156 30
882 2101 948 2177 sim,
967 2122 998 2181 p.
1010 2107 1076 2181 161,
1089 2105 1109 2164 5
1122 2106 1199 2168 dext.
1220 2111 1319 2172 dedu.

213 2185 285 2244 citur
303 2203 320 2244 s
338 2205 432 2257 moso,
451 2186 471 2246 i.
486 2205 513 2250 5.
532 2189 617 2264 5555,
637 2198 721 2247 5515
740 2198 859 2252 motam.
898 2195 1031 2256 Notabile
1052 2198 1202 2262 admodum
1221 2217 1271 2266 est
1290 2210 1322 2269 in

81 2275 84 2281 “
131 2261 136 2272 ’
213 2274 564 2340 511155555551511555515
584 2281 651 2340 nihil
670 2281 760 2358 tradi,
784 2287 860 2364 quod
879 2289 915 2348 ad
934 2290 1125 2352 Leucotheam
1143 2299 1338 2361 maritimam

213 2366 296 2428 (1555
315 2371 412 2430 referri
430 2375 568 2451 postulet,
589 2375 683 2433 omnia
701 2375 738 2434 ad
758 2376 923 2440 Bacchicam
942 2385 1100 2462 religionem
1122 2397 1184 2448 'csse
1201 2409 1323 2454 accom-

212 2443 343 2522 modata:
370 2466 446 2524 uuila
465 2469 548 2525 ctiam
567 2466 729 2527 Latinorum
749 2471 829 2542 urbs,
849 2492 922 2552 quae
939 2477 1076 2538 Matutam
1096 2483 1199 2560 coluit,
1219 2505 1324 2568 neque

212 2551 365 2630 Satricum,
376 2556 446 2618 ·Liu.
465 2561 495 2634 6,
512 2564 569 2633 53,
580 2578 672 2638 neque
690 2563 776 2639 Cora,
797 2563 886 2626 Orell.
905 2571 989 2633 inser.
1008 2575 1094 2650 1501,
1114 2595 1192 2637 mare
1210 2584 1338 2660 attigit.

212 2645 299 2705 115115
316 2648 400 2726 igitur
419 2658 461 2708 est
479 2652 634 2711 existimare
648 2652 798 2714 Bacchicas
817 2662 978 2723 cerimonias
997 2683 1032 2724 eo
1050 2677 1178 2747 ternpore
1196 2692 1338 2760 romano

212 2739 319 2797 numini
338 2741 487 2814 obductas,
511 2761 567 2822 quo
587 2744 773 2809 Bacchanalia
791 2758 851 2812 toln
870 2758 960 2818 115115
977 2762 1156 2842 iampridem
1176 2777 1246 2828 ante
1265 2789 1338 2848 55η

213 2847 281 2890 555
295 2832 332 2891 V.
346 2832 381 2892 C.
395 2834 452 2895 566
469 2846 541 2913 teste
558 2837 701 2899 Postumio
720 2846 834 2906 consule
852 2851 928 2927 apud
946 2853 1056 2914 Liuium
1078 2859 1179 2932 39,15
1198 2862 1338 2948 ingrate-J

212 2934 287 2985 rant.
325 2915 433 2986 Eodem
453 2936 579 3008 tempore
594 2931 730 2994 Stimulae
749 2955 850 2999 numen
870 2945 1064 3024 interpolatum
1082 2969 1143 3009 csse
1160 2955 1253 3030 paulo
1271 2960 1338 3022 irs-l

213 3016 301 3078 fcriuc
319 3017 539 3104 demonstrabo,
559 3022 596 3084 de
614 3025 694 3088 Bona
712 3016 766 3089 d'ea
784 3032 857 3093 idem
876 3042 1009 3118 suspicari
1026 3044 1127 3104 licebit.
1167 3047 1259 3116 Quod
1282 3048 1338 3130 adf

211 3108 390 3180 Leucotheae
410 3133 512 3174 numen
530 3119 665 3178 marinum
685 3124 793 3201 attinet,
812 3126 840 3186 id
860 3128 964 3210 aliquot
982 3137 1098 3195 saeculis
1116 3147 1182 3198 5515
1195 3141 1338 3205 cicero.

211 3221 278 3262 nem
295 3206 385 3266 Tuae.
400 3213 536 3283 1,12,28
556 3220 586 3270 et
603 3214 755 3275 Varronem
775 3221 851 3298 apud
870 3226 987 3304 August.
1005 3248 1031 3288 c.
1044 3229 1073 3290 d.
1095 3235 1195 3307 18,14
1214 3240 1338 3308 notuml

146 3327 150 3332 -
209 3294 296 3357 fnisse
313 3297 395 3359 155115
414 3306 612 3379 5555555555,
640 3311 744 3370 cultum
762 3311 848 3374 151555
872 3317 982 3396 publice
1003 3340 1118 3396 uereor,
1143 3334 1176 3384 ut
1193 3333 1338 3406 probas-i

210 3389 307 3464 possit.
344 3391 409 3452 Non
429 3405 472 3454 est
489 3399 646 3476 negandum
672 3403 738 3464 iude
761 3407 797 3464 ab
815 3426 889 3468 anno
908 3413 943 3473 V.
963 3414 997 3474 C.
1017 3417 1073 3473 443
1092 3419 1152 3478 5155
1171 3423 1234 3480 cst
1252 3425 1338 3489 rem'

209 3481 375 3541 maritimam
393 3485 583 3549 Romanorum
603 3514 637 3554 eo
657 3498 770 3557 numine
788 3499 947 3580 indiguisse,
967 3507 1024 3567 uid.
1039 3499 1101 3570 Liu.
1114 3515 1143 3587 9,
1154 3518 1204 3585 30,
1225 3517 1333 3584 Nieb.

208 3572 289 3632 1511.
303 3579 332 3651 3,
353 3595 381 3654 5.
392 3581 464 3639 aaa:
483 3599 575 3661 neque
593 3588 688 3649 illicita
704 3591 778 3651 foret
797 3597 955 3658 coniectura
970 3603 1080 3662 Atilium
1095 3605 1239 3685 Regulum
1252 3613 1338 3677 Mas*

209 3674 289 3726 15155
306 3671 428 3728 marinae
446 3677 580 3752 templum
600 3685 718 3760 uouisse,
740 3685 804 3746 uide
817 3707 902 3768 supra
916 3714 946 3772 p.
959 3712 1033 3756 cxc.
1065 3698 1124 3758 Sed
1144 3706 1338 3786 5555551555

210 3775 282 3834 opus
301 3771 344 3820 est
362 3769 541 3843 argumentis,
561 3787 634 3848 quae
652 3777 805 3850 uideamus,
825 3801 891 3842 555
910 3805 944 3846 ex
963 3808 997 3848 eo
1016 3793 1076 3869 peti
1094 3795 1214 3870 possint,
1236 3791 1338 3876 quod

155 3853 163 3858 '
208 3847 335 3910 Matutae
359 3853 431 3916 lilius
456 3858 597 3922 Portunus
620 3867 719 3928 dicitur
744 3873 821 3951 apud
840 3875 972 3940 Ouidium
991 3886 1021 3960 6,
1039 3887 1097 3944 531
1114 3905 1177 3966 sqq.
1221 3891 1338 3962 Huius

209 3937 255 4018 dei
274 3945 374 4022 triplex
391 3947 445 4010 1511
462 3954 637 4020 existimatio.
670 3963 764 4024 Prima
782 3973 1064 4054 graecanicaqualis
1082 3991 1126 4038 est
1144 3983 1225 4060 apud
1242 3971 1338 4052 ouri

209 4031 287 4094 (1155
305 4037 324 4096 l.
344 4039 414 4118 ind,
436 4042 579 4124 Virgilium
592 4069 648 4128 ge.
668 4063 698 4134 l,
717 4064 785 4137 467,
811 4063 881 4124 hen.
900 4066 930 4142 5,
948 4070 1018 4145 623,
1043 4071 1090 4130 551
1113 4087 1177 4134 cum
1197 4077 1338 4160 Glaucq

204 4127 400 4211 coniungitur,
425 4138 576 4202 arnobium
593 4147 625 4223 3,
643 4151 695 4224 21,
718 4146 887 4218 1155115555
905 4159 1051 4242 Capellam
1070 4171 1099 4244 t,
1116 4171 1149 4246 4,
1175 4172 1228 4232 nbi
1248 4161 1338 4248 rud
