2636 4678
425 261 557 306 'FVSCVM
579 261 728 314 SROVTVS
1045 267 1126 329 nxxt

53 410 107 470 radit
117 411 142 468 in
154 410 204 470 XV
214 409 278 470 Kal.
293 410 389 485 Mart,
402 419 494 470 crtum
510 375 694 490 uespertinum
709 410 836 470 Coronae
853 412 1023 488 consignant.
1043 415 1124 477 ,Nihil

51 505 114 580 igitur
130 503 178 566 hac
195 506 350 568 coniectura
368 506 548 564 uerisimilius.
570 505 630 562 Csr.
642 505 735 562 Varro
748 523 794 582 ap.
803 504 874 580 Lyd.
885 505 919 561 de
936 524 1019 566 mens.
1035 509 1066 582 4,
1075 509 1123 571 35.
1230 541 1233 551 ·

108 597 184 668 Quod
202 598 299 656 dicitur
316 599 393 676 epod
415 597 546 657 Ouidium
565 597 596 671 5,
610 601 678 672 603,
695 599 769 676 prid.
789 597 829 657 ld.
844 598 910 654 Mai.
931 601 1019 656 'lauri
1038 585 1131 679 caput·

51 691 106 759 oriri,
123 689 191 762 uide,
209 690 351 766 flagitetne
370 693 590 751 emendationem
611 690 685 768 apud
703 692 826 747 Tuscum
847 692 883 750 lll
903 691 956 766 ld,
983 694 1029 750 uhi
1052 696 1121 772 legi·

51 793 96 842 tur:
120 775 149 843 oi
171 773 262 850 c‘dtcc
287 773 414 842 δύονται
442 785 524 864 (cod.
545 776 700 868 ticceau).
733 784 765 844 si
785 773 875 847 ortum
899 803 994 842 eorum
1015 785 1058 842 liic
1076 788 1122 846 ille

51 875 189 952 perscripsit,
205 885 320 954 pestere
339 879 420 935 etiam
435 880 480 944 die
497 887 582 959 caput
595 875 684 934 Tauri
704 878 787 948 cerni,
806 877 829 932 si
848 895 891 934 res
911 877 1029 952 ferebat,
1044 889 1122 942 reete

52 965 141 1024 Ouidius
157 967 271 1044 dixerit,
298 972 338 1031 uti
357 972 493 1030 Geminus
513 991 542 1048 p.
555 973 592 1028 69
612 969 849 1036 Etriduu'etiam
869 982 975 1046 postea.
1015 973 1055 1030 Ac
1073 975 1121 1053 tri·

52 1059 90 1116 duc
105 1070 161 1119 note
178 1061 205 1120 id
228 1062 333 1124 diserte
352 1063 503 1123 tradiderat
524 1061 655 1123 Clodius:
683 1055 733 1120 καὶ
753 1048 773 1138 ἦ
793 1051 911 1138 Ικεφαλὴ
931 1063 985 1120 τοῦ
1005 1057 1120 1143 racipere

53 1143 241 1232 ἀναφαίνεται,
269 1157 345 1236 quod
370 1167 445 1216 certe
463 1150 563 1234 'neque
588 1173 651 1214 cnm
677 1147 874 1233 illoasequent'i
900 1155 1027 1215 lemmate
1046 1145 1121 1218 stare

52 1255 127 1322 potest,
144 1267 230 1326 neque
249 1270 313 1308 cum
332 1250 373 1308 his
394 1251 501 1324 uerbis,
515 1268 587 1330 quae
599 1250 731 1327 proxime
750 1247 938 1340 praeceduntc
964 1239 985 1326 ἦ
1007 1247 1041 1308 dd
1060 1242 1119 1322 ride

52 1333 189 1416 (eudaldo)
208 1335 324 1401 ddecet.
353 1335 470 1402 'Eodem
489 1353 565 1419 certe
584 1342 629 1417 die
648 1343 840 1420 coputTauri
860 1342 924 1399 oriri
942 1351 971 1400 et
991 1345 1116 1422 Hyades,
1221 1407 1223 1416 ,

52 1450 103 1506 quae
121 1443 178 1494 sunt
195 1454 302 1496 mooun
325 1437 352 1496 in
379 1454 430 1512 eo,
457 1435 583 1496 occidere
607 1445 760 1514 nequeunt.
800 1435 896 1504 Quare
914 1435 942 1490 in
960 1435 1002 1494 his
1022 1440 1115 1497 uerbis
1193 1459 1195 1464 ’
1261 1517 1269 1530 ·

53 1523 104 1581 diod
118 1527 175 1604 quid
192 1528 281 1588 latere
301 1527 385 1608 puto,
402 1529 537 1610 fortasse:
555 1521 664 1606 Ὠρίων
680 1519 796 1588 δύεται.
830 1527 903 1585 Nam
920 1526 974 1584 lico
990 1520 1050 1607 ipso
1064 1529 1118 1608 die,

54 1614 82 1672 Vl
93 1617 124 1679 ld.
138 1620 214 1695 Mai,
239 1623 303 1682 siue
323 1625 361 1683 14
379 1622 511 1706 Pachom,
531 1633 559 1698 et
577 1622 753 1681 Ptolemaeus
772 1619 1051 1700 proconesson
1070 1645 1117 1700 oc,

54 1708 127 1788 cidere,
141 1724 167 1772 et
179 1714 299 1776 Ouidius
318 1717 369 1788 die
382 1716 509 1794 sequenti
527 1715 630 1800 frustra
644 1714 763 1777 eundem
780 1714 875 1794 quaeri
895 1725 989 1775 narrat
1007 1715 1037 1792 5,
1047 1716 1116 1796 49³,

54 1803 104 1878 quod
119 1809 183 1884 opud
201 1811 332 1871 Clodium
350 1829 413 1870 eum
433 1809 537 1887 legisse.
552 1817 673 1886 eportet.
734 1866 736 1875 ,

103 1899 155 1960 Pori
177 1902 343 1969 confidentia
368 1901 492 1980 suppleri
518 1902 621 1980 poterit
641 1901 754 1966 Clodius
774 1901 814 1960 Vl
833 1901 876 1968 ld,
895 1905 1012 1980 Apriles.
1050 1906 1116 1964 Du-

53 1989 103 2048 lium
118 2014 164 2054 uon
181 2009 232 2070 est,
253 2016 309 2056 nec
327 2007 388 2054 erat
404 1993 479 2074 quod
493 1995 616 2054 ldelerus
635 1995 664 2052 id
680 2013 797 2073 operose
818 2006 964 2070 astrueret,
985 1995 1116 2058 Ouidium

52 2083 217 2168 ⁴‚38510qoi
241 2089 278 2149 de
300 2091 363 2148 Vlll
381 2089 422 2149 ld.
442 2093 523 2168 Apa,
550 2109 605 2168 qup
632 2087 677 2148 die
703 2087 767 2148 fasti
786 2087 960 2146 Praenestini
984 2089 1115 2166 Iubemo
1199 2101 1202 2106 “

53 2171 139 2236 Caesare
152 2181 177 2238 in
191 2182 283 2242 Africa
304 2184 406 2241 uictmn
426 2183 550 2242 tradunt.
580 2183 668 2260 Tunc,
681 2183 765 2258 igitur
780 2182 865 2238 Libra
883 2181 998 2239 onlnem
1018 2199 1115 2263 moue·

53 2262 84 2320 bat
94 2278 149 2328 teste
162 2272 269 2336 Ouidio.
299 2277 404 2334 Imbres
417 2277 573 2338 indicantur
586 2275 662 2357 apud
677 2273 805 2336 Clodium
824 2273 883 2330 istis
899 2273 1007 2348 diebus,
1026 2273 1113 2336 Libra

54 2372 89 2414 nun
102 2363 226 2426 indicatur.
263 2373 302 2426 At
327 2388 361 2429 eo
381 2367 442 2444 die,
467 2389 524 2446 quo
542 2369 647 2442 Plinius
672 2376 730 2424 nats
749 2365 811 2422 hist.
834 2369 881 2442 18,
903 2369 940 2424 66
960 2365 1113 2454 Librama

54 2447 140 2512 Cttttte
161 2471 281 2520 notatam
307 2463 407 2522 tradit:
436 2463 551 2524 Caesari
573 2464 617 2518 VI
633 2459 702 2518 ldcrs
721 2457 894 2534 significatum
913 2459 1002 2518 imber
1026 2459 1114 2520 trusos

53 2558 130 2618 comm,
145 2571 247 2632 quoque
268 2545 404 2614 Geminus
423 2577 452 2634 p.
466 2558 504 2612 69
524 2555 548 2612 Β
568 2553 621 2610 hoc
632 2553 755 2636 'habete
771 2549 925 2631 Καλιίιιιῳ
947 2547 1035 2631 ζυγὸς
1053 2544 1113 2634 ἆρ-

52 2637 230 2720 cccccccccc,
257 2669 294 2707 eo
319 2651 380 2727 ipsc
400 2650 445 2722 die
471 2648 594 2723 stribligo
614 2655 656 2703 est
682 2647 711 2701 in
731 2647 828 2704 uerbis.
840 2650 955 2706 seruatis
975 2647 1065 2706 Clodii
1083 2656 1113 2706 et

53 2723 134 2792 lacunae
149 2739 270 2800 indicium
291 2741 365 2820 apud
386 2742 516 2802 Hasium:
536 2739 575 2822 τῇ
588 2730 656 2816 Ιπρὸ
677 2729 703 2816 ς’
725 2733 822 2796 storto
849 2729 887 2798 ι0
906 2732 1035 2819 ζέφυρος
1054 2731 1111 2820 dp-

54 2815 110 2894 ³l⁰²¹
130 2820 243 2906 ἄρχεται
271 2829 407 2894 δύεσθαι
428 2873 556 2895 .....
563 2855 586 2892 ·.
607 2873 615 2890 .
634 2832 716 2916 ΙΕιιιι]
741 2832 870 2891 lacunam,
894 2833 1038 2895 infeliciter
1062 2852 1111 2893 re-
1174 2905 1178 2912 .

53 2916 132 2976 unios
146 2923 292 2987 monicum
310 2939 406 3012 patet,
424 2931 472 3009 qui
490 2929 545 2988 ita:
581 2929 633 2988 Vl.
653 2927 796 2984 Fauonius
814 2921 885 2997 iletre
902 2928 998 3003 incipit
1015 2934 1110 3000 molo7

54 3006 104 3068 ⁸5³⁰:
125 3017 247 3094 Vergiliae
272 3022 412 3082 occidunt.
465 3021 600 3098 Vergilias
626 3019 698 3076 enim
723 3038 759 3076 ex
785 3019 910 3096 proxime
935 3018 1110 3078 antecedenti

54 3092 145 3164 lemmate
165 3112 268 3188 intulit,
297 3117 344 3174 ubi
370 3117 471 3174 habes:
499 3107 534 3170 τὸ
562 3103 669 3169 λοιπὸν
697 3107 757 3168 τῶν
784 3100 887 3168 idrus
912 3107 999 3185 (alius
1022 3110 1109 3170 codex

54 3187 176 3276 cirritos,
194 3216 222 3264 et
243 3208 381 3286 Vespilics
400 3207 481 3268 uertit
494 3205 645 3278 Leonicus)
663 3197 778 3263 tuscos.
818 3193 860 3260 lta¹
878 3204 961 3282 igitur
979 3206 1108 3269 restitue:
1182 3221 1188 3230 ·

54 3281 79 3358 td
93 3283 137 3364 nod
154 3289 176 3364 ς’
196 3293 293 3360 εἰδῶν.
327 3290 361 3359 Ὁ
381 3295 511 3378 ζέφυρος
532 3291 664 3376 ὄρθρου.
692 3289 833 3370 Ἄρχετιιι
854 3287 1107 3374 δύεσθανζνγόν.

54 3375 143 3441 Parc,
158 3387 222 3448 turc
239 3394 421 3470 estproximo
440 3393 523 3450 biduo
538 3409 680 3454 occasura.
708 3387 788 3468 Aliud
808 3389 1007 3456 etiamaudeo,
1032 3391 1107 3451 Nam

54 3472 104 3538 illd
114 3481 191 3539 sittim
204 3484 326 3564 adiungit
342 3485 470 3560 Ouidius,
491 3483 625 3544 Orionem
640 3500 752 3562 quoque
767 3479 927 3541 occasurum
942 3495 1007 3543 ante
1022 3484 1105 3542 finem
1185 3529 1190 3538 .

54 3553 231 3654 legatoriorum,
249 3580 358 3650 mirum,
378 3580 428 3637 nisi
447 3579 521 3637 idem
540 3575 674 3654 temporis
693 3585 826 3653 puuctum
845 3571 943 3638 dotare
962 3576 1059 3649 uoluit,
1078 3595 1106 3637 a.

54 3645 72 3753 d:
86 3653 114 3715 ll
129 3662 182 3724 ldus
200 3673 277 3748 Apu,
305 3674 352 3750 qui
372 3673 430 3729 dies
447 3679 561 3750 praeter
581 3689 666 3726 unum
685 3669 795 3728 ultimus
815 3679 874 3725 erot
894 3667 1020 3729 ludorum
1042 3686 1104 3724 sce-

55 3755 155 3830 litorum,
173 3770 201 3817 nt
218 3765 290 3842 apud
310 3764 439 3841 Clodium
458 3763 527 3820 haec
545 3762 601 3820 duo
621 3763 788 3836 exciderint,
808 3753 896 3840 ζυγὸν
912 3755 965 3826 Ικαὶ
981 3752 1105 3836 Ὠρίων,
1191 3781 1193 3788 ’

55 3833 88 3894 nti
103 3841 177 3908 deleto
195 3856 312 3942 zephyro
333 3859 436 3916 mauis:
459 3845 495 3914 Ὁ
515 3847 603 3932 ζυγόζ
623 3849 672 3910 καὶ
689 3846 807 3930 Ὠρίων’
820 3845 889 3930 dcx.
911 3847 1054 3912 clectos.
1169 3926 1172 3939 μ

106 3933 155 3998 Nec
167 3944 294 4008 infelicius
309 3950 438 4009 Clodium
456 3948 596 4027 supplebis
614 3949 748 4026 postridie
767 3946 807 4004 ld.
823 3947 905 4004 Mart.
945 3947 1011 4008 Eius
1030 3946 1103 4004 euim

57 4015 154 4090 mnam
169 4037 229 4098 cliii
247 4053 341 4103 extare
361 4042 438 4102 uides
452 4041 527 4120 apud
543 4041 668 4116 Hasium,
687 4041 737 4098 nisi
756 4040 839 4097 haec:
860 4033 908 4108 ις’.
929 4036 967 4120 τῇ
988 4033 1046 4114 πρὸ
1065 4031 1102 4110 ιζ
1114 4056 1117 4063 ¹
1226 4079 1231 4082 -

57 4111 171 4189 nicam
183 4123 339 4216 Ἀηριλίων
356 4175 610 4200 ,,,,,,,,,,
648 4135 732 4217 Atqui
750 4123 904 4218 Columella
922 4144 951 4198 et
970 4131 1105 4196 Geminus
1204 4141 1206 4148 “
