2678 4668
371 247 818 341 conversationemve*
895 243 897 248 ¹
1025 287 1115 362 ¹corr
1176 299 1180 308 ·

55 439 114 499 circo
129 437 214 515 suerit,
232 436 268 499 de
285 457 341 518 quo
358 433 463 518 gemme
480 433 545 500 uide
555 435 755 517 Botmgertta
769 442 864 498 uenat.
874 427 943 500 ‘cira
958 439 988 500 in
1007 441 1114 507 Graeca

56 531 110 592 tber.
127 535 153 608 9,
170 553 198 612 p,
208 534 271 594 758.
358 557 363 563 ·
976 555 979 565 ·

113 625 243 686 Ludorum
261 624 421 687 circensium
444 625 549 688 initium
568 623 653 704 saepe
675 608 781 685 lectum
799 633 843 686 est
859 642 980 705 pompa,
1004 627 1042 687 rie
1059 646 1116 708 qua

55 715 146 794 Dionysss
164 720 223 777 Hal.
241 722 269 790 7,
282 723 333 794 72,
359 719 480 796 Appiae.
501 720 566 778 bell.
586 715 644 778 eiu.¹
659 725 690 794 2,
708 715 776 795 101,
802 717 860 778 Οιι.
878 737 932 778 am.
954 725 984 795 3,
1002 726 1048 796 ²3·
1065 722 1116 782 red

54 831 148 888 quorum
165 813 286 872 ludorum
302 819 332 870 et
348 830 405 888 qua
422 811 459 870 de
473 831 567 889 causa,
586 813 759 890 exploratum
774 831 829 872 oon
846 822 898 872 est.
929 813 974 871 Ex
987 815 1027 884 iis,
1046 831 1116 892 quor

55 901 149 964 Ouidim
167 906 299 981 describit,
318 904 491 982 Megalenses
505 922 636 985 pompam
655 904 784 965 babuisse
801 905 922 964 affirmat
938 907 978 966 IV
990 907 1031 967 ld.
1049 909 1117 986 Apr.

53 997 144 1071 tuit:
161 997 195 1058 de
206 996 364 1062 Cerealibus
383 999 493 1058 minime
511 999 539 1057 id
557 1017 626 1058 saue
642 999 814 1058 demonstrat
824 1000 914 1057 Varro
927 1000 963 1087 tle
975 993 998 1059 r.
1010 1021 1033 1060 r.
1048 1007 1076 1077 1,
1086 1007 1116 1078 2,

54 1091 89 1147 ubi
102 1091 162 1150 illuri
178 1112 257 1170 ouum
276 1104 488 1170 commemorat,
508 1092 581 1170 qunti
598 1095 629 1151 in
650 1093 757 1152 Garuli
774 1111 876 1172 purupn
893 1092 962 1162 solet
980 1111 1039 1152 ecee
1055 1095 1138 1172 prr·-
1174 1091 1182 1114 ”

53 1197 115 1254 nrm,
132 1186 244 1245 omnium
265 1181 359 1244 umen
377 1188 495 1256 maxime
507 1187 652 1266 probabile
668 1194 722 1262 est,
742 1205 805 1244 cum
823 1188 851 1245 iu
871 1189 945 1265 ipsas
962 1185 1046 1266 ferias
1061 1187 1118 1246 Ce-
1152 1199 1153 1208 ¹

52 1277 105 1334 reric
119 1277 254 1339 inciderint
273 1281 418 1338 circenses.
452 1280 613 1338 Cerealibus
630 1297 717 1359 equos
735 1282 883 1340 certauime
899 1288 1017 1339 testatur
1034 1281 1118 1340 etiam

52 1364 91 1426 liic
107 1371 176 1432 Cass.
193 1375 241 1449 47,
256 1376 309 1430 4οι
335 1368 387 1429 καλ
411 1364 441 1428 ei
467 1362 655 1449 ἀγορανόμοι
671 1371 737 1431 Ιτοῦ
760 1364 905 1449 πλήθους
927 1361 1119 1448 ὁπλομαχίας

53 1450 148 1535 ἀγῶνας
166 1457 229 1523 ἀντὶ
248 1463 305 1541 τῆς
326 1457 532 1543 ἱπποδρομίας
551 1466 589 1547 τῇ
608 1459 755 1544 Δήμητρλ
775 1459 964 1525 lanternam
985 1465 1119 1543 uulpeeu·

52 1551 119 1615 lurum
135 1557 197 1616 illud
215 1558 417 1636 spectaculum,
437 1557 472 1616 de
487 1572 543 1637 quo
557 1559 641 1621 Ouid.
656 1579 685 1619 o.
697 1549 752 1618 681
766 1579 822 1638 sq„
843 1570 917 1618 certe
935 1558 989 1617 luit
1007 1559 1119 1618 uenatio

52 1647 85 1705 uel
99 1659 167 1726 post,
191 1653 237 1710 uel
255 1651 330 1711 iuter
349 1667 483 1729 equorum
505 1671 601 1728 cursus
620 1653 749 1712 >exbiberi
767 1654 864 1727 solita,
888 1651 1119 1732 quemadmodum

51 1735 193 1820 bulengerur
212 1746 232 1803 l.
251 1742 313 1805 iud.
332 1744 423 1804 docet.
462 1743 574 1819 Aediles
597 1746 686 1824 plebis
704 1747 831 1806 ludorum
851 1746 961 1805 Cereris
979 1755 1120 1804 curatores

51 1829 90 1890 dici
110 1835 244 1914 uidentur,
272 1857 344 1917 quos
364 1837 520 1897 Cerealium
544 1841 657 1900 nomine
673 1841 708 1900 C.
729 1841 834 1900 Caesar
857 1845 978 1918 quatuor
1002 1839 1120 1918 antiquie
1186 1889 1188 1892 .

51 1923 133 1990 rddidit
148 1940 215 1990 teste
233 1932 334 1992 eodem
349 1932 439 1990 Dione
453 1931 501 2001 43,
515 1933 566 1991 51:
587 1951 604 1992 a
619 1953 675 2012 quo
693 1934 760 1996 inde
775 1944 901 2018 tempore
917 1932 1036 1991 dubitari
1054 1951 1121 2009 por·

50 2017 87 2093 rit,
102 2039 132 2078 an
150 2025 282 2085 circenses
301 2025 434 2085 Cereales
453 2025 482 2081 in
501 2027 574 2085 circo
592 2028 728 2087 Flaminio
748 2028 814 2086 editi
832 2027 895 2086 rint.
933 2025 1036 2084 Verum
1056 2041 1120 2081 cum
1164 2038 1169 2106 j
1227 2094 1230 2098 ¹

50 2107 90 2168 loc
104 2116 279 2198 perincertum
300 2118 354 2192 sit,
375 2116 443 2175 illud
463 2128 568 2177 certum
589 2130 647 2195 est,
670 2140 715 2179 me
734 2139 819 2198 supra
834 2139 867 2195 p.
876 2137 916 2176 tx
935 2124 1050 2195 propter
1067 2115 1120 2172 ista

49 2201 123 2266 Dinnis
140 2213 222 2272 uerba
236 2210 379 2270 Ciceronis
397 2210 488 2268 locum
508 2213 537 2270 in
558 2212 638 2271 Verr.
652 2218 684 2287 2,
695 2213 726 2287 5,
740 2216 778 2271 14
790 2229 938 2291 perperam
955 2211 1121 2285 interprete·
1193 2217 1195 2224 ’

50 2304 92 2356 λιι
108 2318 161 2360 erse
179 2304 214 2364 de
233 2304 307 2362 ludis
326 2304 459 2380 Romanis
478 2306 514 2362 ab
534 2305 668 2364 aedilium
689 2307 776 2383 plebis
795 2303 917 2364 edendis.
957 2301 1000 2358 Eo
1019 2317 1055 2358 ex
1073 2299 1134 2358 (li-¹
1180 2299 1186 2357 ζ

50 2394 132 2451 moun
149 2395 209 2454 ioco
231 2396 367 2455 docemur
385 2397 495 2456 Cereris
521 2409 549 2457 et
570 2396 664 2455 Liberi
687 2397 800 2458 eosdem
825 2397 909 2456 inisse
928 2393 1024 2454 ludos:
1050 2413 1134 2488 quoe!
1234 2431 1237 2440 ι

50 2487 120 2543 umen
138 2489 199 2546 olim
218 2489 369 2568 separatim
388 2498 466 2548 actos
486 2500 535 2548 aut
553 2491 701 2567 coniectat,
720 2501 770 2550 aut
784 2489 915 2550 traditum
929 2489 1034 2567 accepit
1049 2487 1121 2548 Oui·
1190 2507 1197 2540 ¹.

49 2571 93 2634 dius
105 2584 130 2655 3,
141 2582 207 2659 785,
226 2584 326 2641 unicus
344 2581 420 2660 quod
439 2585 525 2651 sciam
545 2586 602 2644 eius
622 2585 663 2643 rei
682 2594 788 2644 auctor.
827 2582 932 2661 Vulpes
946 2584 1010 2642 olim
1023 2583 1059 2642 ad
1072 2583 1121 2640 Li·

49 2665 129 2730 bcrelia
151 2679 318 2753 pertinuisse
342 2675 431 2753 posuit
453 2675 535 2734 alicui
552 2677 587 2736 rin
606 2688 727 2739 mentem
745 2679 858 2738 ueniter
883 2676 919 2736 de
942 2695 998 2755 qua
1018 2695 1066 2754 re,
1089 2685 1120 2735 ut

49 2762 135 2840 opinor,
147 2755 218 2828 iufra
237 2777 349 2847 agetur.
761 2787 765 2798 ⁹

107 2859 188 2920 Varro
210 2883 275 2921 cum
296 2869 408 2920 uetusto
427 2880 504 2920 more
523 2863 603 2923 ludos
621 2864 811 2924 Romanorum
832 2881 919 2922 cauea
939 2873 968 2922 et
986 2864 1058 2922 circu
1077 2863 1120 2921 di·

48 2945 142 3026 uideret,
159 2955 210 3015 cir.
231 2955 293 3020 Cic.
314 2954 354 3013 de
369 2955 444 3032 legg.
464 2955 554 3031 2,,15,
574 2961 603 3030 §.
614 2961 663 3032 38,
682 2959 859 3035 gladiatorios
879 2958 1050 3015 accensuisse
1068 2958 1124 3020 cir-⁹
1194 2993 1196 2998 ·
1242 2981 1244 2985 ’

48 3043 150 3104 tentibus
164 3048 285 3106 uidetur.
344 3049 482 3123 Quorum,
504 3059 534 3107 ut
552 3050 725 3108 Varroniano
744 3051 834 3108 dicum
854 3050 961 3123 ordine,
981 3059 1122 3106 curatores

47 3126 138 3208 legitimi
154 3150 235 3200 erant
249 3149 405 3220 praetores,
424 3140 480 3200 uid.
494 3142 578 3200 Dion.
592 3144 735 3218 cannabe,
748 3150 782 3218 ²3
802 3144 850 3218 55,
862 3146 918 3218 313
936 3144 984 3216 56,
998 3141 1053 3216 25;
1072 3143 1121 3214 59,

47 3225 85 3283 lie
99 3229 170 3292 lucus
188 3234 295 3310 iorum,
316 3235 374 3293 uid.
395 3235 519 3313 Lipsium
538 3246 644 3295 saturn.
665 3238 758 3310 1,17,
775 3235 892 3314 posthac
910 3233 1122 3312 amphitheatra,

46 3311 155 3400 ltprimie,
173 3337 256 3405 puto,
277 3329 465 3402 Statilianum,
483 3329 537 3386 Dio
556 3332 606 3404 51,
619 3331 670 3385 23ι
693 3336 801 3405 tempus
820 3337 951 3388 statutum
969 3325 1122 3394 secundum
1206 3357 1209 3362 ·

47 3403 112 3472 Ouid.
124 3421 152 3491 3,
163 3423 233 3496 811,
247 3423 307 3480 813
327 3423 533 3499 Quinquatrus,¹
548 3429 577 3480 et
594 3420 712 3478 somme
730 3419 880 3480 secuudum
895 3421 1011 3478 Dionem
1027 3420 1121 3492 54,2·ι

45 3492 123 3572 lliir
142 3502 265 3596 ἑκάστῳ
284 3506 353 3588 tter,
373 3515 504 3588 alterum,
524 3512 600 3590 quod
619 3513 788 3588 ignoramus.
1126 3521 1128 3526 '

414 3735 531 3794 LIBER
556 3731 740 3796 DECIMVS.

100 3879 146 3941 Fr.
165 3889 194 3942 1.
223 3886 342 3964 August·
363 3886 399 3946 de
418 3907 443 3946 c.
462 3887 492 3949 d.
514 3892 542 3960 1,
558 3892 610 3944 32ι
629 3887 706 3946 ertb
724 3892 832 3964 scenici,
852 3885 1010 3966 spectaculo
1029 3887 1120 3962 irupi-
1197 3928 1202 3938 .

44 3965 145 4034 trium
158 4005 200 4022 -·
213 3997 273 4038 non
290 3979 430 4040 bomintun
449 3983 536 4050 οἰιίἰο,
555 3980 602 4039 cod
620 3981 732 4041 dmrum
750 3989 903 4042 uerborum
915 3983 1006 4038 ‘iussis
1014 3983 1126 4039 Romus
1296 3973 1298 3980 '

44 4057 141 4125 Weber
163 4080 241 4131 root.
282 4077 332 4132 Dii
355 4081 467 4150 propter
493 4073 657 4153 anundum,
670 4093 819 4152 corporum.
835 4073 1018 4151 pestilentium
1042 4070 1122 4130 roam

43 4149 82 4212 ut
95 4163 210 4223 rmum
229 4163 353 4224 uuum
370 4165 504 4226 tuetur.
525 4197 564 4215 .-
582 4166 623 4224 ιο.
643 4167 709 4227 tua.
728 4173 759 4242 2,
771 4171 805 4225 αι
824 4167 887 4225 uus
907 4165 1032 4224 cruos..
1044 4168 1123 4241 epm

71 4261 110 4321 ⁰⁹⁴
120 4269 189 4324 euri.
201 4273 297 4335 Proleg.
853 4259 879 4316 L
